1835 2802
0 163 15 188 ,r
203 148 320 183 Minus
346 129 518 191 acerbum,
545 150 605 184 sed
630 152 745 184 tamen
770 149 966 194 improbans
996 151 1049 184 est
1074 138 1221 195 Augusti
1254 149 1298 186 de
1329 161 1370 185 eo
1393 149 1570 198 iudicium,
1598 159 1717 198 quiq

0 197 11 234 τ’
40 248 44 252 γ
89 208 129 241 ut
165 208 220 241 est
252 206 341 251 apud
378 206 579 242 Suetonium
619 205 748 251 (Octav.
783 217 811 242 c.
846 206 925 251 86),
971 204 1006 242 in
1043 205 1189 252 epistula
1220 206 1264 242 ad
1295 206 1347 245 M.
1372 206 1561 243 Antonium
1597 203 1715 244 hacc

91 263 242 309 scripsit:
284 263 402 309 Tuque
428 264 579 306 dubitas,
619 264 798 299 Cimberne
825 264 976 303 Annius,
1016 275 1059 298 an
1084 264 1252 299 Veranius
1276 263 1419 299 Flaccus
1443 265 1598 300 imitandi
1616 265 1699 309 tibi
1709 280 1715 296 ;

91 322 177 362 sint,
213 321 261 356 ita
285 325 323 356 ut
349 321 472 364 verbis,
499 332 585 369 quae
611 320 646 356 O.
675 321 843 357 Salustius
869 321 1037 367 excerpsit
1062 333 1103 357 ex
1128 321 1325 367 Originibus
1351 320 1503 366 Catonis,
1530 321 1682 358 utaris?“

92 378 319 423 Praecipuum
345 379 471 414 Salusti
498 379 762 423 vituperatorem
793 380 962 414 exstitisse
989 380 1149 414 Asinium
1183 379 1372 414 Pollionem
1402 379 1613 426 intellegitur
1642 390 1706 421 οις

91 435 229 470 Sueten.
257 436 299 470 de
325 436 448 472 illustr.
475 447 618 482 gramm.
647 447 674 471 c.
705 437 768 472 10:
806 436 878 479 „De
903 437 1022 471 eodem
1050 436 1197 481 (Atteio)
1222 435 1363 471 Asinius
1387 435 1495 471 Pollio
1525 437 1559 472 in
1585 436 1684 479 libro,

91 504 158 539 quo
177 492 303 529 Salusti
330 494 456 539 scripta
480 493 700 539 reprehendit
726 496 762 529 ut
788 494 893 529 nimia
918 493 1108 540 priscorum
1127 494 1306 529 verborum
1333 493 1546 530 affectatione
1570 494 1685 537 oblita,

92 551 139 585 ita
164 551 280 586 tradit:
320 551 361 586 In
395 563 467 586 eam
503 562 579 586 rem
614 552 818 589 adiutorium
853 552 882 586 ei
917 551 998 586 feeit
1023 552 1170 586 maxime
1200 551 1339 596 quidam
1365 551 1501 586 Atteius
1525 552 1684 587 Praetex-

91 610 192 650 tatus,
220 608 342 643 nobilis
367 609 612 654 grammaticus
638 608 762 643 latinus
790 635 939 644 .....
968 608 1041 652 Quo
1066 609 1177 655 magis
1203 609 1306 643 miror
1319 608 1478 644 Asinium
1494 608 1684 645 Pollionem

93 666 289 707 credidisse,
317 667 456 711 antiqua
481 677 559 701 eum
586 667 775 711 (Atteium)
802 667 902 701 verba
929 669 963 701 et
988 667 1115 711 figuras
1142 666 1279 701 solitum
1305 676 1380 700 esse
1406 658 1565 712 colligere
1591 666 1685 702 Salsa:

98 723 178 765 stio,
207 733 284 758 cum
312 723 375 758 sibi
402 723 488 757 sciat
513 722 599 757 nihil
625 722 716 757 aliud
743 720 893 765 suadere,
922 733 1023 768 quam
1050 724 1087 757 ut
1111 724 1192 757 noto
1219 722 1376 768 civilique
1401 724 1434 758 et
1459 723 1596 768 proprio
1621 734 1690 759 ser-

97 792 197 815 mone
229 783 343 815 utatur
368 781 517 826 vitetque
543 781 690 815 maxime
717 781 958 816 obscuritatem
995 783 1028 816 et
1061 780 1238 815 audaciam
1270 779 1395 815 Salusti
1430 780 1464 816 in
1498 781 1688 817 translatio-

91 838 222 872 nibus.“
280 838 434 872 Eundem
469 837 657 872 Pollionem
693 837 854 872 nonnulla
886 838 986 871 verba
1027 836 1149 871 Salusti
1191 836 1450 881 reprehendisse
1492 838 1589 872 testis
1631 842 1685 874 est

93 893 223 929 Gellius
250 894 369 940 (Noct.
398 895 467 929 Att,
499 894 552 935 10,
580 895 652 940 26).
705 895 771 930 Sed
798 897 835 929 ut
861 893 1189 940 opprobrioliberet
1214 893 1417 936 Salustium,
1457 895 1598 940 quaerit,
1626 906 1685 931 cur

94 964 159 987 non
187 953 291 987 secuti
320 963 438 987 cursus
465 952 602 987 nauium
629 954 719 987 recte
737 952 803 986 divi
823 952 916 994 solet,
945 952 992 987 ita
1010 954 1282 997 „transgressus“
1301 952 1401 986 etiam
1419 953 1562 988 nauibus
1580 953 1688 988 faetus

95 1010 161 1044 dici
189 1010 322 1054 possit?
375 1009 418 1043 Et
447 1010 683 1043 auctoritatem
711 1009 848 1044 Catonis
874 1009 1068 1054 interponit,
1096 1009 1154 1054 qui
1185 1020 1308 1050 „naues
1335 1009 1527 1044 ambulare“
1557 1010 1689 1045 dixerit.

92 1067 207 1112 Atque
247 1070 284 1100 ut
323 1066 387 1100 hoc
425 1067 471 1100 ita
510 1066 574 1100 alio
609 1066 683 1100 loco
719 1067 961 1100 obtrectatores
988 1066 1112 1100 Salusti
1138 1066 1263 1100 refutat
1288 1066 1427 1101 Gellius,
1480 1066 1571 1101 Haec
1598 1068 1710 1102 enim-

93 1123 176 1158 dicit
214 1123 271 1164 (N.
303 1124 341 1157 A.
369 1124 402 1165 4,
438 1123 510 1169 15):
566 1122 768 1168 „Elegantia
803 1123 961 1158 orationis
996 1122 1120 1158 Salusti
1156 1123 1407 1168 uerborumque
1438 1123 1622 1169 fin(gen)di
1656 1127 1690 1160 et

93 1181 241 1216 nouandi
268 1181 415 1216 studium
445 1192 523 1216 cum
550 1180 656 1215 multa
681 1191 820 1225 prorsus
848 1180 975 1215 inuidia
1002 1181 1074 1221 fuit,
1102 1180 1267 1225 multique
1285 1191 1353 1215 non
1371 1181 1534 1216 mediocri
1551 1181 1689 1227 ingenio

94 1239 157 1273 uiri
184 1239 294 1272 conati
323 1241 402 1272 sunt
427 1237 680 1283 reprehendere
705 1237 867 1282 pleraque
894 1240 928 1272 et
954 1238 1154 1272 obtrectare.
1205 1237 1244 1272 In
1279 1238 1403 1282 quibus
1438 1237 1535 1282 plura
1568 1238 1689 1273 inscite

94 1298 151 1331 aut
177 1295 325 1342 maligne
352 1295 521 1330 uellicant.
574 1294 747 1330 Nonnulla
782 1297 896 1330 tamen
932 1295 1039 1329 uideri
1074 1297 1215 1340 possunt
1248 1306 1316 1330 non
1341 1295 1480 1342 indigna
1506 1295 1690 1341 reprehen-

93 1354 208 1389 sione:
236 1353 335 1398 quale
362 1353 445 1388 illud
472 1354 503 1387 in
533 1352 757 1388 Catilinae
784 1353 981 1388 historia
1005 1355 1179 1397 repertum
1215 1355 1284 1393 est,
1325 1354 1415 1398 quod
1453 1353 1577 1388 habeat
1614 1364 1688 1389 eam

96 1411 258 1456 speciem,
287 1411 385 1455 quasi
412 1422 531 1455 parum
559 1413 685 1445 attente
712 1410 850 1444 dictum.
888 1410 1000 1444 Verba
1018 1409 1142 1444 salusti
1169 1410 1254 1444 haec
1280 1413 1377 1444 sunt:
1405 1411 1456 1444 Ac
1483 1410 1578 1452 mihi,
1606 1412 1691 1445 tam·
1738 1421 1743 1424 ⁴

95 1468 157 1502 etsi
196 1468 450 1512 hautquaquam
490 1477 550 1511 par
588 1466 695 1511 gloria
731 1466 885 1510 sequitur
911 1465 1111 1510 scriptorem
1148 1468 1182 1500 et
1207 1469 1380 1500 auctorem
1411 1477 1538 1509 rerum,
1579 1469 1692 1502 tamen

93 1525 251 1570 inprimis
276 1525 420 1559 arduum
448 1525 602 1565 uidetur,
631 1535 683 1558 res
717 1525 829 1568 gestas
854 1523 1019 1558 scribere:
1048 1523 1211 1568 primum,
1239 1524 1329 1568 quod
1356 1524 1442 1558 facta
1468 1524 1568 1559 dictis
1593 1535 1690 1559 exae-

93 1582 228 1626 quanda
254 1584 350 1623 sunt;
389 1581 486 1623 dein,
526 1581 606 1626 quia
632 1580 802 1625 plerique,
841 1591 926 1625 quae
953 1580 1075 1615 delicta
1100 1580 1374 1625 deprehenderis,
1402 1580 1632 1615 malivolentia
1657 1584 1692 1616 et

94 1639 222 1673 inuidia
248 1639 338 1673 dicta
364 1641 493 1683 putant.
548 1638 612 1672 Vbi
650 1639 692 1672 de
732 1649 855 1683 magna
889 1638 1012 1672 uirtute
1046 1640 1148 1682 atque
1180 1637 1288 1682 gloria
1315 1638 1481 1672 bonorum
1507 1648 1686 1679 memores,

94 1708 180 1742 quae
208 1697 272 1731 sibi
300 1697 444 1742 quisque
471 1695 582 1731 facilia
608 1696 698 1730 factu
725 1698 833 1741 putat,
861 1707 969 1741 aequo
995 1696 1108 1730 animo
1143 1695 1284 1740 accipit;
1323 1707 1442 1741 supra,
1478 1695 1582 1731 ueluti
1614 1696 1692 1731 ficta

93 1765 155 1799 pro
182 1754 276 1788 falsis
302 1754 396 1788 ducit
421 1754 480 1797 (tf.
509 1753 580 1787 Cat.
608 1755 640 1793 3,
672 1754 720 1794 2)
758 1753 949 1796 Proposuit,
978 1753 1144 1796 inquiunt,
1173 1753 1341 1786 dicturum
1369 1763 1497 1793 causas,
1525 1764 1625 1797 quam
1649 1754 1691 1787 ob

98 1822 169 1845 rem
198 1810 355 1845 uideatur
382 1821 455 1845 esse
482 1810 637 1845 arduum
666 1820 720 1844 res
747 1811 862 1854 gestas
888 1809 1052 1851 scribere;
1080 1812 1181 1854 atque
1208 1809 1251 1844 ibi
1280 1820 1357 1844 cum
1383 1809 1527 1854 primum
1557 1820 1694 1856 causam

92 1878 118 1907 1.
147 1898 153 1903 .
184 1897 202 1910 .,
231 1879 299 1903 non
327 1870 471 1909 causas),
512 1868 570 1902 sed
600 1867 766 1912 querellas
793 1867 887 1902 dicit.
941 1867 1019 1901 Non
1059 1866 1150 1902 enim
1189 1877 1290 1901 causa
1327 1867 1434 1902 uideri
1472 1867 1593 1910 debet,
1634 1877 1693 1901 cur

95 1926 258 1960 historiae
285 1936 369 1970 opus
394 1925 535 1959 arduum
566 1925 618 1965 sit,
646 1925 737 1970 quod
763 1924 810 1965 hi,
838 1925 895 1969 qui
922 1924 1050 1969 legunt
1079 1926 1137 1958 aut
1161 1924 1277 1968 inique
1303 1924 1579 1969 interpretantur,
1606 1932 1692 1969 quae

96 1983 226 2028 scripta
252 1986 342 2024 sunt,
369 1985 428 2018 aut
455 1994 534 2018 uera
561 1994 634 2018 esse
660 1993 728 2017 non
756 1983 907 2017 credunt.
960 1981 1147 2017 Obnoxiam
1175 1981 1301 2027 quippe
1332 1983 1365 2016 et
1400 1981 1567 2016 obiectam
1599 1980 1692 2016 falsis

95 2041 402 2076 existimationibus
429 2051 504 2075 eam
530 2051 603 2075 rem
623 2041 802 2075 dicendam
821 2039 926 2081 aiunt,
953 2050 1055 2084 quam
1075 2040 1235 2080 arduam;
1262 2040 1342 2084 quia
1359 2040 1450 2084 quod
1468 2042 1520 2074 est
1537 2040 1690 2079 arduum,

71 2103 72 2106 ’
95 2099 147 2133 sui
175 2098 286 2144 operis
306 2097 515 2133 ‘difficultate
541 2101 593 2132 est
620 2099 783 2139 arduum,
822 2108 891 2132 non
926 2097 1094 2142 opinionis
1129 2096 1258 2132 alienae
1292 2097 1472 2132 erroribus.
1524 2096 1617 2131 Haec
1643 2095 1691 2130 illi

98 2155 251 2190 maliuoli
278 2155 542 2200 reprehensores
569 2155 697 2189 dicunt.
748 2155 816 2189 Sed
842 2155 985 2189 arduum
1012 2153 1177 2188 Salustius
1203 2165 1270 2188 non
1302 2165 1363 2199 pro
1389 2153 1519 2188 difficili
1547 2155 1690 2192 tantum,

94 2214 154 2249 sed
181 2225 241 2258 pro
268 2224 307 2248 eo
333 2223 468 2258 quoque
495 2213 600 2258 ponit,
641 2212 732 2257 quod
758 2211 878 2247 Graeci
904 2210 1056 2254 χαλεπόν
1081 2210 1266 2256 appellant,
1306 2212 1396 2257 quod
1423 2213 1474 2246 est
1499 2221 1576 2245 cum
1603 2209 1691 2245 diffi-

96 2271 170 2311 cile,
199 2274 272 2306 tum
299 2270 481 2306 molestum
509 2281 644 2316 quoque
671 2272 705 2305 et
730 2270 985 2305 incommodum
1012 2271 1045 2304 et
1071 2268 1290 2304 intractabile.
1331 2269 1483 2313 Quorum
1508 2268 1692 2319 uerborum

95 2328 303 2374 significatio
329 2340 348 2362 a
373 2328 546 2362 sententia
572 2327 698 2362 Salusti
724 2338 826 2372 supra
851 2327 977 2371 scripta
1002 2338 1070 2361 non
1096 2326 1286 2361 abhorret.“

212 2387 328 2431 Atque
354 2385 461 2420 multa
486 2384 670 2420 Salustium
697 2385 739 2419 ad
764 2395 897 2419 morem
923 2384 1139 2429 antiquorum
1173 2394 1288 2419 rerum
1322 2383 1525 2429 scriptorum
1559 2381 1692 2417 confor—
1758 2399 1764 2403 ⁸

95 2454 222 2485 masse,
250 2454 357 2488 pauca
383 2454 424 2477 ex
449 2443 491 2477 iis
517 2442 737 2487 decerpsisse,
765 2452 870 2476 unum
898 2441 1083 2475 alterumve
1110 2441 1249 2475 verbum
1277 2450 1430 2481 novasse,
1456 2439 1572 2485 negari
1590 2436 1692 2478 nullo

92 2504 192 2548 pacto
218 2502 339 2547 potest.
393 2499 477 2535 Inde
503 2499 595 2535 enim
621 2511 640 2534 a
666 2498 850 2541 Prisciano,
878 2498 1014 2540 Servio,
1052 2498 1190 2533 Nonnio
1217 2497 1358 2544 aliisque
1386 2497 1557 2533 veteribus
1581 2501 1710 2545 gram-¹
1740 2521 1746 2527 ,
1768 2492 1781 2535 5}

92 2559 225 2594 maticis
262 2569 372 2619 usque
410 2558 451 2591 ad
490 2557 655 2598 Gerlach,
699 2556 810 2598 Kritz,
856 2556 1012 2598 Dietseh,
1055 2556 1201 2590 Paulum
1238 2555 1398 2590 Schultze
1412 2555 1457 2597 ¹),
1501 2553 1690 2588 Gustavum

209 2635 231 2675 1)
252 2633 297 2664 De
321 2632 503 2664 Archaismis
525 2632 643 2664 Salusti
665 2631 750 2662 Halis
769 2631 835 2662 Sax.
860 2631 939 2664 1871

1702 2734 1705 2737 Ὗ
1724 2715 1789 2743 ,ἔμ’

1732 2743 1738 2750 ,
1767 2741 1774 2750 ,-
