1835 2802
1125 40 1134 48 N
1380 39 1417 55 '¹
1486 49 1488 51 ’
1523 39 1549 66 1.·
1588 37 1640 63 Α’ῗ-
1696 41 1787 66 .”4””ῘἏ

310 145 337 183 ,ο
365 138 543 177 abhorruit
567 141 602 176 et
623 144 747 177 novam·
772 139 942 191 quandam
966 139 1101 177 dicendi
1124 134 1267 177 formam
1291 141 1437 187 invenit3
1471 142 1560 180 bene
1581 138 1707 192 igitur*
1747 135 1822 192 —ffss

157 239 171 249 μ
222 198 301 235 bms
324 197 452 245 (Satur.
477 198 519 241 5,
547 199 587 242 1,
614 198 650 243 7)
676 198 859 234 Salustium
895 197 1048 234 Ciceroni
1081 198 1222 245 opponit
1253 199 1308 234 his
1342 201 1473 236 verbis:
1516 200 1690 246 „Quatuer
1718 199 1832 247 ’ζζῖ9

123 292 129 297 ,
151 255 186 291 ‘t
208 265 335 302 genera
359 254 512 291 dicendi:
539 255 714 301 copiosum
738 256 772 290 in
800 267 867 301 quo
891 254 1011 291 Cicero
1036 256 1238 295 dominatur,
1265 257 1393 293 breve
1383 268 1418 292 m
1436 268 1503 303 quo
1521 258 1690 295 Salustius

29 357 37 369 f
78 305 234 360 stagnat.
285 311 395 358 Quare
420 312 499 349 Aul.
526 311 656 349 Gellius
682 312 828 360 (Noctes
853 313 926 349 Att.
953 314 985 357 3,
1015 313 1048 356 1,
1074 313 1110 357 6)
1137 312 1321 350 Salustium
1353 313 1406 350 vel
1428 315 1689 356 subtilissimum

98 361 282 409 brevitatis
314 370 478 407 artificem
510 371 609 414 dicit,
647 372 682 406 et
722 371 758 406 in
800 371 941 407 eandem
987 371 1188 407 sententiam
1223 371 1382 407 Sidonius
1415 372 1621 418 Apollinaris
1653 374 1704 409 in.

0 474 15 490 r
35 420 43 447 ³·
102 427 316 473 Panegyrico
342 428 508 465 Anthemi
532 428 682 474 Augusti
708 430 824 472 (carm.
852 428 893 463 Π.
923 428 1007 474 190)
1032 428 1165 463 locutus
1190 431 1259 463 est:

273 494 346 539 Qua
368 494 508 541 Crispus
533 495 696 531 brevitate
722 494 842 541 placet,
868 506 935 541 quo
959 496 1109 541 pondere
1134 495 1251 539 Varro,

272 563 339 599 quo
363 553 464 599 genio
489 552 637 595 Plautus,
664 563 731 598 quo
756 553 895 587 flumine
919 552 1175 597 Quinctilianus,

270 621 337 656 qua
362 621 487 657 pompa
511 609 648 646 Tacitus
673 621 860 656 numquam
884 610 957 646 sine
981 610 1081 646 laude
1106 610 1278 646 dicendus.
1820 654 1829 665 .‚

5 726 8 728 .
215 677 309 714 idem
335 678 405 714 fere
430 680 483 713 est
509 676 705 721 Quintiliani
730 677 903 720 iudicium,
942 678 1008 713 nisi
1046 679 1136 723 quod
1174 678 1208 713 in
1246 678 1378 713 iudiciis
1404 689 1479 713 eam
1511 680 1682 715 vitandam
1800 666 1835 721 ,J

15 728 17 730 ¹
79 736 176 778 ,esse
211 735 303 771 dicit.
353 735 446 771 Haec
480 735 571 771 enim
606 737 684 771 sunt
717 735 788 770 eius
821 735 924 770 verba
955 734 1079 778 (Instit.
1107 735 1160 771 Or.
1190 736 1242 779 10,
1282 737 1312 779 1,
1340 736 1421 781 32):
1464 735 1605 783 „Neque
1630 736 1687 773 illa
1809 721 1835 763 3:-

100 792 290 830 Salustiana
314 794 474 835 brevitas,
515 804 582 838 qua
606 792 691 828 nihil
726 793 814 838 apud
849 804 948 828 aures
974 803 1097 828 vacuas
1134 795 1235 838 atque
1273 794 1421 829 eruditas
1459 797 1573 839 potest
1610 806 1686 830 esse

99 850 291 896 perfectius,
319 851 406 896 apud
432 852 632 896 occupatum
658 850 758 885 variis
784 849 1062 895 explicationibus
1086 849 1232 885 iudicem
1258 853 1292 887 et
1316 851 1451 896 saepius
1476 851 1683 888 ineruditum
1792 844 1835 906 {s

99 909 264 954 captanda
288 909 386 945 nobis
412 910 496 950 est,“
526 910 559 944 et
584 907 649 943 alio
674 907 749 943 loco
775 908 821 952 (4,
848 908 880 950 2,
915 908 963 943 44
988 908 1100 953 sqq.):
1144 907 1242 950 „Non
1279 908 1393 943 minus
1432 911 1547 955 (quam
1585 909 1685 946 itera·
1715 925 1718 928 ·
1807 895 1835 931 ἢ

100 965 223 1008 tiones)
250 966 398 1001 cavenda
424 966 505 1008 erit,
533 976 619 1011 quae
644 965 788 1000 nimium
814 965 1033 1010 corripientes
1060 965 1172 999 omnia
1196 966 1368 1011 sequitur,
1401 967 1608 1009 obscuritas,
1635 978 1687 1002 sa·
1753 965 1756 967 ’
1782 964 1835 1004 ¹:³31

98 1022 233 1070 tiusqu‘e
258 1025 311 1059 est
335 1022 463 1070 aliquid
490 1023 675 1059 narrationi
699 1018 875 1069 superesse
901 1034 1002 1069 quam
1030 1023 1157 1059 deesse.
1210 1022 1318 1067 Quare
1345 1024 1481 1060 vitanda
1506 1027 1558 1060 est
1582 1025 1685 1061 etiam
1756 1026 1759 1027 ’
1781 1005 1835 1070 ΚςΞ

1808 1073 1835 1094 ..33⁴

97 1082 155 1117 illa
180 1081 382 1125 Salustian5,
410 1093 618 1128 quamquam
645 1082 680 1117 in
706 1082 780 1127 ipso
805 1081 941 1116 virtutis
965 1080 1077 1116 locum
1104 1081 1243 1123 obtinet,
1270 1082 1418 1118 brevitas
1445 1084 1479 1117 et
1503 1083 1685 1129 abruptum
1794 1097 1835 1125 „a

97 1130 263 1176 sermonis
288 1150 405 1187 genus,
433 1140 525 1186 quod
550 1140 695 1176 otiosum
720 1139 867 1175 fortasse
896 1138 1058 1175 lectorem
1083 1139 1196 1175 minus
1221 1138 1325 1183 fallat,
1358 1139 1551 1176 audientem
1577 1142 1685 1177 trans-
1796 1135 1800 1138 ’

99 1197 197 1241 volat,
223 1209 287 1233 nec
312 1198 394 1233 dum
418 1199 589 1244 repetatur
612 1199 815 1243 exspectat.“
869 1197 965 1232 Hanc
1001 1197 1110 1242 ipsam
1147 1197 1345 1233 brevitatem
1381 1197 1446 1233 alio
1484 1198 1558 1234 loco
1585 1199 1684 1244 (Inst.

98 1266 144 1291 or.
173 1255 228 1297 10,
256 1256 286 1298 1,
316 1255 397 1298 102)
428 1254 676 1298 „immortalem
700 1254 791 1289 illam
826 1253 949 1289 Salusti
975 1253 1190 1290 velocitatem
1224 1254 1307 1290 dicit
1339 1256 1440 1300 atque
1474 1265 1550 1290 eam
1576 1256 1685 1301 ipsam

98 1312 141 1348 ob
165 1323 302 1348 eausam
328 1311 515 1347 Salustium
540 1313 619 1357 post
643 1311 778 1347 Livium
802 1310 986 1357 legendum
1012 1321 1086 1346 esse
1120 1311 1246 1346 iudicat
1280 1311 1379 1357 (Inst.
1407 1311 1462 1347 Or.
1490 1312 1522 1354 2,
1549 1312 1582 1353 5,
1612 1313 1682 1358 19),

98 1379 243 1415 eumque
269 1379 347 1404 cum
372 1368 572 1415 Thucydide
599 1369 772 1414 comparat
787 1367 827 1414 ¹).
876 1367 964 1403 Item
989 1367 1139 1403 Velleius
1173 1367 1369 1403 Paterculus
1404 1368 1463 1414 (2,
1490 1369 1552 1414 36)
1587 1368 1684 1404 Salu-

96 1426 201 1462 stium
226 1422 436 1472 Thucydidis
462 1425 632 1461 aemulum
659 1425 757 1468 dicit,
797 1425 880 1471 quin
905 1425 1008 1460 etiam
1033 1425 1154 1460 vicisse
1180 1436 1276 1468 eum,
1304 1426 1352 1460 ait
1376 1424 1505 1461 Seneca
1517 1425 1565 1470 Β),
1605 1437 1683 1461 cum

97 1484 142 1518 sit
165 1483 347 1529 praecipua
371 1483 407 1517 in
433 1482 632 1528 Thucydide
659 1482 763 1517 virtus
788 1482 954 1523 brevitas,
979 1484 1030 1516 ”et
1063 1482 1098 1517 in
1132 1483 1202 1517 suis
1237 1481 1333 1517 illum
1359 1482 1480 1517 castris
1506 1483 1678 1518 cecidisse.

99 1539 209 1584 „Nam
234 1540 270 1575 in
296 1539 434 1583 Graeca,
461 1539 580 1586 inquit,
607 1538 775 1579 sententia
800 1540 868 1574 tam
893 1537 988 1574 brevi
1016 1538 1133 1582 habes,
1160 1549 1245 1585 quae
1274 1538 1365 1575 salvo
1383 1549 1484 1575 sensu
1502 1539 1682 1585 detrahas;

96 1601 130 1635 at
155 1609 196 1634 ex
222 1597 347 1634 Salusti
373 1598 540 1634 sententia
564 1597 651 1633 nihil
675 1598 766 1632 demi
792 1597 864 1632 sine
890 1597 1095 1633 detrimento
1121 1608 1239 1633 sensus
1264 1599 1409 1642 potest.“

208 1655 331 1702 Neque
356 1657 472 1691 tamen
494 1665 564 1691 non
588 1654 743 1697 fuerunt,
782 1654 841 1700 qui
873 1654 1074 1690 brevitatem
1106 1655 1143 1690 in
1168 1654 1315 1690 Salustio
1349 1656 1408 1689 aut
1431 1657 1598 1701 negarent
1622 1657 1683 1691 aut

98 1713 341 1760 vituperarent.
392 1713 507 1759 Atque
532 1712 669 1759 negavit
693 1712 909 1747 brevitatem*
926 1711 989 1747 Iul.
1016 1711 1139 1747 Caesar
1164 1711 1335 1758 Scaliger,
1373 1712 1431 1758 qui
1461 1712 1497 1747 in
1531 1712 1681 1749 oratione

96 1781 158 1816 pro
185 1769 347 1807 Cicerone
372 1769 459 1805 haec
485 1769 637 1815 scripsit:
664 1769 697 1804 A
723 1768 869 1804 Salustio
894 1770 1009 1804 autem
1033 1768 1233 1805 brevitatem
1259 1768 1351 1804 illam
1377 1769 1447 1815 peti
1464 1769 1586 1805 debere
1603 1779 1685 1805 cum

94 1827 225 1870 scribis,
252 1838 364 1873 neque
388 1826 470 1873 quid
496 1826 579 1863 velis
611 1825 788 1873 intellego,
823 1836 935 1872 neque
965 1828 1035 1861 tam
1067 1825 1161 1873 vulgi
1193 1826 1307 1862 animo
1340 1828 1561 1872 conceptam,
1597 1826 1683 1863 adeo

94 1894 302 1931 persuasam,
329 1884 414 1920 adeo
440 1884 653 1920 decantatam
678 1883 713 1918 in
739 1882 796 1918 illo
822 1883 893 1918 viro
910 1883 1112 1919 brevitatem
1129 1894 1292 1929 umquam
1311 1882 1564 1929 comprehendi.
1591 1882 1684 1919 Nam

95 1941 136 1984 si,
163 1941 325 1988 quoniam
350 1940 586 1987 frequentibus
611 1939 784 1986 asyndetis
809 1940 924 1989 utitur,
951 1942 1009 1975 aut
1033 1939 1126 1986 quod
1149 1951 1219 1976 non
1251 1940 1362 1988 longis
1395 1940 1542 1986 periodis
1577 1940 1684 1977 ambit

95 2000 296 2046 argumenta
320 2009 444 2041 rerum,
470 2009 651 2045 properare
677 1998 738 2034 tibi
763 1997 907 2041 videtur,
934 1998 1000 2033 isto
1025 1998 1088 2034 tibi
1112 2008 1249 2044 quoque
1272 1999 1371 2044 pacto
1396 1997 1556 2034 brevibus
1580 1999 1683 2044 atque

95 2056 294 2103 interceptis
319 2055 462 2092 saltibus
489 2057 628 2091 centum
660 2054 894 2091 milliariorum
930 2055 996 2090 iter
1032 2055 1145 2090 minus
1178 2055 1318 2101 longum
1352 2053 1537 2097 videbitur,
1578 2065 1682 2100 quam

93 2113 195 2151 unius
219 2114 322 2150 modo
349 2114 437 2150 stadi
462 2113 687 2157 intervallum,
715 2113 805 2160 quod
830 2124 898 2149 uno
924 2113 1045 2160 spiritu
1071 2113 1266 2149 confeceris.
1309 2112 1358 2148 At
1384 2114 1501 2148 contra
1525 2112 1683 2150 videmus

95 2172 279 2210 Salustium
303 2172 426 2219 ipsum,
454 2183 532 2208 cum
557 2172 639 2219 quid
664 2171 769 2209 semel
795 2171 977 2207 dicendum
1003 2172 1199 2218 assumpsit,
1226 2172 1309 2207 adeo
1333 2173 1485 2217 perstare
1516 2173 1554 2207 ut
1579 2182 1684 2218 saepe

94 2240 237 2266 numero
262 2230 381 2277 egredi
405 2230 561 2265 videatur
586 2231 672 2275 etqs.
724 2228 769 2264 Et
805 2229 841 2264 in
874 2229 970 2264 Poet.
998 2229 1074 2264 libri
1098 2230 1122 2264 4
1147 2239 1218 2275 cap.
1245 2228 1293 2264 24
1326 2238 1445 2263 eorum
1476 2229 1681 2265 sententiam

94 2288 199 2332 reicit,
228 2288 287 2334 qui
311 2287 603 2332 commentarium,
629 2298 697 2324 non
723 2286 899 2323 historiam
916 2286 1103 2333 pleniorem
1121 2286 1296 2333 scripsisse
1313 2286 1467 2322 dicerent
1484 2286 1681 2330 Salustium,

1802 2066 1807 2074 s
1790 1996 1799 2012 “-
1792 1832 1808 1903 „cxxv
1788 1797 1804 1811 ,¹
1796 1707 1798 1710 v
1800 1667 1803 1669 .
1800 1638 1803 1639 .
1798 1504 1801 1506 ι
1786 1400 1809 1433 .,“
1798 1265 1807 1310 ..v
1792 1150 1807 1155 ’.

1808 2128 1835 2274 ,ε’τΜἎζέὲη
1803 1370 1835 2115 '-ffiiafflffiktlfflk‘hm-'ssafflkffr²221*⁴'3‹·.²‹.·;·⁵31‹:i‘i
1810 1239 1835 1348 '.
1807 1136 1835 1219 sss-*241⁴*-

58 2365 61 2368 s
91 2338 151 2391 hui
178 2346 222 2381 sit
245 2345 405 2381 historiae
430 2348 525 2391 pater
549 2344 747 2391 appellatus,
798 2344 867 2380 Sed
905 2355 945 2380 ex
979 2345 1034 2380 his
1063 2344 1146 2390 ipsis
1179 2344 1262 2379 locis
1297 2343 1478 2379 conficitur
1508 2356 1575 2380 non
1612 2348 1682 2380 tam
1801 2330 1835 2406 ’ἐξ

94 2401 274 2449 eloquendi
299 2412 401 2449 quam
426 2402 627 2450 disponendi
651 2402 856 2438 brevitatem
880 2401 916 2437 in
941 2401 1088 2438 Salustio
1113 2410 1239 2447 negare
1266 2400 1487 2448 Scaligerum.
1808 2402 1835 2456 Ξ

208 2537 230 2573 ²)
249 2536 322 2567 Inst.
342 2543 383 2566 or.
405 2536 450 2575 10,
472 2536 499 2574 1,
520 2536 585 2575 101,
606 2538 637 2566 et
657 2536 702 2574 10,
729 2537 755 2571 2,
785 2536 830 2573 17,
856 2535 907 2566 ubi
933 2543 1040 2574 pravos
1065 2533 1245 2573 imitatores,
1277 2534 1420 2573 praecisis
1447 2533 1684 2565 conclusionibus
1802 2536 1835 2572 -j

94 2583 242 2620 obscuros,
262 2583 424 2615 salustium
443 2586 474 2614 et
494 2583 698 2623 Thucydidem
718 2592 860 2623 superare
880 2584 936 2613 sibi
956 2582 1048 2613 videri
1069 2582 1149 2613 dicit.
1171 2582 1213 2612 Cf.
1235 2582 1332 2614 Gerl.²
1351 2592 1379 2622 p.
1401 2584 1447 2614 27.
1781 2580 1835 2650 ἐξ

208 2632 233 2671 ¹)
253 2625 386 2663 eoum.
407 2633 436 2670 4,
456 2632 494 2663 24
513 2640 542 2671 p.
562 2633 620 2663 274
638 2631 702 2670 Bip.

1551 2688 1570 2719 s

1793 2789 1796 2791 r
1793 2781 1795 2783 .
1787 2720 1791 2724 ’
1788 2683 1797 2692 ς’
1798 2675 1801 2677 v
1782 2654 1786 2657 .

1804 2652 1835 2802 91ὣὶκήᾍί
