1835 2802
1564 9 1746 91 ’ἱ
1713 19 1790 111 ³⁶⁸5·
1796 57 1804 114 2

0 307 35 359 [a
100 315 216 359 es‘aent
237 328 308 356 non
332 321 492 368 negaret,
530 320 617 368 quae
650 319 780 357 laudari
811 331 881 357 non
912 322 1055 368 possent
1077 322 1212 358 taceret.
1266 320 1356 357 Nam
1395 332 1472 358 cum
1509 323 1689 372 egregiam

101 370 280 416 nominent
300 389 428 415 novum
454 390 534 415 eum
559 379 645 415 dixit
659 379 693 423 “),
721 380 774 415 cui
797 379 896 416 dolus
921 382 980 415 ant
1008 380 1133 415 astutia
1156 380 1200 415 ad
1224 380 1413 415 cavendum
1437 391 1505 417 non
1530 382 1691 419 deessent
1755 411 1764 416 „

99 425 187 483 (θαι.
213 434 270 478 26,
296 435 349 482 2),
388 445 467 472 cum
502 436 669 482 optimum
703 436 876 473 consulem
906 435 1090 483 appellavit
1124 435 1206 476 (Cat.
1232 438 1293 480 43,
1323 439 1340 472 1
1369 436 1529 473 Dietsch⁸
1553 439 1607 476 ad.
1633 439 1687 486 1.),

99 493 156 541 qui
181 493 367 530 maximam
391 493 544 530 dedisset
569 504 718 540 operam,
745 496 783 530 ut
808 505 877 538 eos,
904 495 963 541 qui
988 494 1224 531 coniurassent
1253 505 1355 540 quam
1389 506 1548 533 maxume
1580 496 1688 533 mam*-

100 550 206 586 festus
231 551 377 587 haberet
400 550 491 598 (Cat.
518 552 577 594 41,
602 551 655 597 ὅ),
682 561 760 587 cum
786 552 973 587 orationem
997 551 1072 587 eius
1096 552 1132 587 in
1147 551 1330 587 Catilinam
1356 552 1562 589 luculentam
1586 557 1689 600 atqu

223 104 515 199 *αηαδιιυωιιιῠ
539 147 629 185 bene
651 149 750 196 geth
772 117 862 185 sunt
896 145 1009 193 Quam
1032 148 1257 196 posteriorem
1282 146 1527 186 Gerhchianee
1550 150 1692 186 enha-
1756 185 1823 192 ,

103 210 170 257 tue
192 206 330 252 'parvam
351 205 439 243 beno
463 205 512 242 ita
535 205 696 243 emendat
721 201 864 243 Dieoech
888 205 1011 253 (praef.
1016 206 1032 228 ⁸
1055 208 1078 252 ξ
1104 207 1148 243 19
1183 217 1215 253 p.
1242 207 1289 243 26
1312 211 1395 253 sqq)
1433 209 1471 243 ut
1503 206 1691 244 Salustium

101 265 137 300 ln
155 260 334 309 ,maronis
358 259 515 299 laudibus
543 267 691 309 aequum
724 263 866 299 modum
896 263 1093 299 adhibuisse
1129 265 1244 309 mitet,
1283 275 1361 300 cum
1399 275 1485 310 quae
1522 265 1693 302 laudanda

97 606 216 644 utilem
241 607 291 643 rei
315 608 470 654 publicae
495 608 581 644 dixit
607 607 694 652 (Cat.
721 609 779 651 31,
805 608 857 655 2),
882 609 964 644 satis
988 607 1097 644 laudis
1122 609 1278 645 Ciceroni
1304 609 1431 645 tribuit.
1456 608 1555 654 Quod
1572 613 1687 647 uitem
1745 621 1751 627 ‘
1794 580 1813 586 ’ἢ

97 665 257 707 alteram,
296 666 452 709 tertiam,
491 668 666 712 quartam,
705 677 808 712 quam
832 665 950 701 Cicero
980 666 1016 701 iu
1041 665 1220 702 Catilinam
1245 666 1365 702 habuit
1390 667 1589 710 orationem,
1615 679 1685 704 nou

97 726 351 766 commemorat,
378 734 448 759 non
473 726 525 758 est
550 724 770 759 tribuendum
795 723 962 769 invidia03
986 734 1067 758 nam
1092 724 1157 758 uisi
1182 723 1375 759 litterarum
1409 725 1602 760 curiositate
1626 726 1686 760 ad-

95 780 218 816 ductus
242 791 300 816 eas
326 789 594 816 commemorare
618 792 687 816 uon
712 781 838 816 debuit.

208 837 332 883 Neque
356 837 440 873 illud
465 840 519 873 est
542 837 873 883 reprehendendum,
901 839 993 883 quod
1019 837 1108 883 (Cat.
1123 838 1179 880 46,
1195 838 1236 884 ⁴2)
1253 837 1451 874 Ciceronem
1476 839 1614 874 anxium
1639 839 1687 874 fa·

96 895 141 930 cit
165 897 199 930 et
223 894 456 937 dubitantem,
484 895 566 941 quid
590 895 680 931 fact-0
706 906 791 941 opus
817 897 923 939 esset,
963 898 996 931 et
1021 895 1254 931 coniuratione
1279 895 1449 940 patefacta
1474 907 1494 930 a
1518 895 1617 941 plebe
1641 897 1684 932 ad

96 951 228 988 coelam
252 951 360 988 latum
385 952 475 1000 (Cat.
502 954 560 995 48,
598 952 647 999 1),
687 952 849 989 Crassum
883 955 918 988 et
950 952 1132 989 Caesarum
1171 964 1249 988 cum
1287 952 1429 988 aliorum
1468 956 1541 989 tum
1580 954 1686 1000 ipsius
1740 973 1742 976 ·

22 1015 25 1023 ²
95 1009 268 1045 Ciceronis
294 1011 497 1046 testimoniis
522 1011 663 1046 crimine
688 1013 813 1057 purgat
838 1009 924 1055 (Cat.
952 1011 1010 1052 48,
1036 1011 1060 1045 4
1084 1021 1156 1060 sqq.
1182 1011 1239 1051 49,
1269 1011 1389 1056 1-4).
1416 1010 1467 1045 Ex
1492 1011 1565 1056 ipsa
1590 1011 1681 1046 enim
1820 1009 1827 1016 ”

94 1068 274 1103 verborum
300 1069 334 1103 et
359 1068 605 1103 sententiarum
630 1067 896 1103 conformatione
920 1068 1141 1103 manifestum
1166 1067 1214 1109 fit,
1251 1078 1352 1113 quam
1380 1068 1554 1103 studiosus
1579 1068 1684 1104 fuerit

95 1124 176 1160 veri.
215 1123 314 1168 Quod
340 1127 454 1160 autem
480 1125 515 1160 in
540 1125 754 1161 decernendo
780 1127 932 1160 extremo
958 1125 1126 1170 supplicio
1153 1125 1318 1170 primores
1344 1127 1455 1170 partes
1482 1125 1600 1160 tribuit
1625 1124 1686 1161 Ga-

94 1181 184 1224 toni,
223 1181 315 1227 quod
341 1184 374 1217 et
399 1182 547 1217 honores
573 1185 608 1217 et
632 1182 790 1225 iniurias,
829 1182 954 1227 quibus
986 1182 1051 1217 sub
1084 1181 1188 1217 finem
1224 1182 1420 1217 consulatus
1455 1182 1608 1218 adfectus
1632 1187 1685 1218 est

95 1237 223 1280 Cicero,
250 1238 385 1274 silentio
409 1239 601 1284 praeteriit,
642 1249 717 1274 acre
751 1239 929 1286 ingenium
955 1239 1065 1285 magis
1101 1243 1135 1274 et
1166 1238 1317 1273 historici
1351 1238 1526 1284 scriptoris
1559 1247 1684 1274 munus

94 1304 197 1341 quam
219 1296 369 1342 partium
401 1297 552 1333 studium
579 1296 795 1343 significavit.
846 1296 930 1332 Plus
965 1296 1058 1332 enim
1092 1295 1253 1331 Catonem
1291 1306 1392 1342 quam
1424 1295 1621 1332 Ciceronem
1646 1296 1681 1332 in

93 1353 265 1399 republica
282 1354 406 1390 vidisse
432 1357 466 1390 et
490 1355 601 1390 acrius
626 1354 790 1389 institisse
815 1354 947 1399 sibique
974 1353 1167 1389 constitisse
1193 1354 1351 1389 omnibus
1377 1356 1429 1389 est
1455 1353 1680 1399 exploratum.

91 1411 211 1457 Quare,
238 1412 298 1459 qui
314 1412 451 1459 quidem
477 1413 566 1449 iuste
591 1412 781 1448 aestimavit
806 1422 861 1448 res
887 1413 1013 1459 gestas,
1040 1410 1217 1448 Ciceronis
1241 1414 1276 1447 et
1300 1411 1417 1448 laudes
1435 1406 1475 1448 et
1486 1411 1682 1448 inimicitias

90 1480 157 1506 non
180 1471 293 1517 :potuit
323 1471 406 1516 quin
440 1472 499 1506 aut
531 1473 659 1506 taceret
691 1472 749 1506 aut
780 1470 998 1515 vituperaret.
1052 1470 1160 1515 Atqui
1198 1470 1389 1515 vituperare
1426 1469 1553 1512 uoluit;
1593 1470 1679 1506 bene

91 1528 195 1576 igitur
219 1528 305 1563 texit
324 1527 471 1564 silentio.
523 1527 676 1563 Partium
700 1527 806 1574 igitur
829 1527 941 1563 studio
968 1526 1137 1562 Salustius
1162 1538 1230 1562 non
1257 1529 1312 1562 est
1336 1527 1501 1563 abductus
1536 1538 1555 1562 a
1587 1537 1678 1563 vero.

205 1587 254 1621 At
278 1586 307 1621 si
331 1597 399 1621 non
425 1586 575 1632 partium
600 1586 711 1621 studio
737 1585 880 1621 recessit
904 1596 923 1620 a
940 1596 1029 1627 vero,
1056 1584 1163 1620 multa
1181 1586 1294 1620 tamen
1311 1585 1358 1620 ita
1375 1584 1679 1632 neglegenter

90 1644 307 1690 scripsit,
333 1644 503 1679 uteius
528 1643 702 1679 veritas
727 1645 770 1677 et
794 1642 915 1677 fides
941 1643 984 1677 in
1009 1642 1192 1677 dubium
1218 1642 1369 1677 vocari
1395 1642 1552 1687 possit.
1586 1641 1679 1677 Nam

88 1701 116 1736 si
140 1700 285 1738 aliorum
309 1703 484 1737 auctorum
510 1701 637 1747 scripta
662 1711 741 1736 cum
766 1699 892 1735 Salusti
917 1699 1012 1735 libris
1036 1699 1229 1739 contuleris,
1257 1699 1364 1735 multa
1388 1699 1548 1742 invenies,
1588 1709 1676 1745 quae

89 1759 131 1794 ad
155 1766 229 1795 rem
254 1759 426 1805 pertinere
450 1759 618 1800 videntur,
645 1759 688 1793 ab
713 1768 754 1793 eo
780 1757 1000 1804 neglegenter
1026 1758 1159 1802 omissa,
1195 1760 1348 1802 tempora
1382 1767 1559 1802 perperam
1585 1767 1679 1792 com·

88 1819 227 1862 putata,
243 1816 317 1852 loca
340 1826 409 1853 non
435 1817 521 1853 bene
547 1816 716 1861 descripta
742 1826 827 1850 esse.
878 1815 934 1850 Ad
975 1814 1060 1851 haec
1098 1816 1183 1851 bene
1220 1814 1365 1850 Gerlach
1380 1814 1409 1860 ²)
1444 1813 1547 1849 alium
1578 1812 1679 1849 aliter

88 1874 131 1910 de
156 1875 277 1910 eadem
301 1884 338 1910 re
363 1874 512 1910 iudicare
538 1874 749 1919 scriptorem.
778 1871 875 1916 Quod
899 1872 956 1907 alii
981 1872 1191 1918 explanatius
1215 1874 1318 1918 atque
1335 1872 1480 1913 uberius,
1507 1871 1564 1906 alii
1581 1881 1678 1916 pres-

87 1932 158 1967 sius
182 1935 285 1978 atque
315 1931 509 1966 adstfictius
534 1931 716 1967 dicendum
743 1938 816 1965 esse
841 1931 971 1975 putant.
1014 1929 1084 1965 Alii
1109 1929 1195 1965 nihil
1220 1930 1389 1970 omittunt,
1416 1929 1507 1973 quod
1533 1928 1576 1963 ad
1601 1938 1677 1964 rem

85 1987 319 2025 illustrandam
352 1989 521 2035 pertinere
546 1988 709 2027 videatur.
748 1988 783 2022 et
803 1986 842 2021 >in
876 1986 1020 2034 siugulis
1053 1986 1155 2023 rebus
1188 1986 1383 2022 enarrandis
1417 1984 1678 2032 diligentissime

86 2047 274 2089 versantur,
302 2046 358 2083 alii
380 2056 488 2092 pauca
512 2057 619 2092 eaque
644 2045 792 2092 insignia
819 2047 922 2091 atque
946 2045 1094 2080 maxime
1127 2043 1358 2080 memorabilia
1383 2042 1567 2079 illustrasse
1589 2042 1676 2079 satis

85 2100 222 2141 ha'bent.
258 2104 354 2149 vQuae
379 2104 470 2140 enim
495 2104 530 2139 in
555 2103 752 2139 hominibus
777 2104 823 2139 ita
848 2104 928 2139 suut
945 2101 1139 2149 singularia,
1167 2104 1205 2137 ut
1235 2102 1270 2137 in
1295 2100 1378 2137 alios
1402 2100 1583 2136 convenire
1607 2111 1677 2137 uon

84 2162 230 2208 possint,
255 2173 300 2199 ex
324 2161 366 2198 iis
390 2160 660 2198 luculentissime
685 2162 843 2197 naturam
867 2162 903 2196 e't
928 2160 1095 2196 rationem
1120 2159 1235 2205 ingeni
1268 2158 1409 2194 humani
1433 2157 1582 2204 perspici
1607 2160 1676 2194 sta-

86 2218 195 2257 tuam,
243 2219 358 2264 Quare
379 2220 418 2255 viu
442 2219 498 2255 his
524 2219 722 2255 enarrandis
748 2218 846 2254 multi
869 2220 953 2253 sunt
975 2219 1013 2253 et
1036 2216 1122 2253 haec
1146 2216 1360 2263 potissimum
1385 2215 1539 2262 legentes
1565 2215 1676 2251 inten-

87 2276 167 2314 dere
192 2278 323 2313 animos
342 2277 475 2313 iubent.
519 2277 571 2312 Ex
595 2276 720 2312 horum
746 2276 952 2321 scriptorum
978 2285 1121 2310 numero
1139 2273 1304 2309 Salustius
1321 2275 1382 2315 est,
1410 2273 1468 2319 qui
1486 2273 1676 2309 orationem

84 2333 150 2371 hac
175 2345 213 2371 re
238 2334 387 2371 maxime
415 2334 546 2370 variare
569 2335 606 2370 ‘et
631 2343 752 2370 ornare
777 2333 910 2375 studet,
946 2332 1041 2379 quod
1073 2331 1139 2367 alia
1168 2329 1382 2377 paucissimis
1405 2330 1571 2373 absolvit,
1611 2329 1677 2367 alia

84 2391 297 2440 eloquentiae
322 2394 424 2439 atque
449 2392 694 2428 sententiarum
718 2391 903 2428 luminibus
937 2392 1086 2427 exornat.
1136 2388 1210 2425 Hoc
1241 2388 1272 2423 si
1304 2388 1535 2435 reputaveris,
1576 2387 1674 2425 facile

82 2448 272 2498 intelleges,
299 2461 359 2487 eur
384 2449 566 2486 multarum
591 2460 707 2486 rerum
732 2449 825 2486 nulh
844 2449 978 2486 mentio
1004 2448 1092 2484 facta
1115 2447 1161 2483 sit
1177 2458 1198 2482 a
1213 2446 1380 2483 salustio:
1409 2457 1469 2482 our
1486 2447 1528 2482 de
1551 2446 1674 2483 iuvene

197 2584 296 2621 ιΟιιι)
343 2584 409 2620 5
430 2583 467 2613 cf.
488 2582 612 2614 Dieteeh
631 2582 787 2622 praess'p
809 2583 854 2613 26.

197 2630 288 2670 ἘΜ
316 2584 469 2670 glssfflm
488 2631 527 2660 11.
547 2632 573 2662 2.
594 2640 623 2669 p.
644 2631 698 2661 201
719 2638 763 2667 sq.
