1835 2802
75 142 78 144 ‚
116 155 391 200 thagoricus
426 157 468 188 et
501 163 656 199 magus
694 153 729 187 in
768 151 868 187 exilio
905 153 1057 187 moritur.
1121 152 1175 188 Ex
1219 150 1499 199 Hieronymi‘et
1540 129 1600 200 016
1660 132 1730 192 lii-{³

114 211 255 256 (Timae.
285 210 323 257 1)
350 211 546 247 testimonio
572 212 607 246 et
631 221 673 246 ex
698 209 872 253 librorum,
900 221 985 256 quos
1010 210 1221 256 conscripsit,
1255 210 1535 257 inscriptionibus
1560 211 1593 245 et
1617 208 1716 256 stag.

114 269 252 311 mentis,
280 279 426 314 quorum
452 269 533 303 satis
559 279 685 314 magna
710 279 788 313 pars
813 270 946 303 servata
971 269 1022 303 est
1047 267 1082 302 in
1107 267 1246 303 scholiis
1280 268 1316 303 in
1341 267 1494 304 Caesaris
1518 266 1714 304 Germanici
1745 306 1769 318 ἡ,

115 325 244 361 Aratea
258 325 298 371 ¹),
339 325 469 361 Teuffel
484 325 514 372 ²)
553 325 707 368 conficit,
735 325 922 372 Orphicae,
961 325 1136 372 mysticae,
1174 325 1329 372 magicae
1366 325 1522 373 religioni
1560 320 1714 361 deditum

114 383 220 421 fuisse
245 383 426 430 Nigidium
453 386 490 418 ut
515 394 634 419 omnes
660 384 730 419 fere
756 384 828 419 eius
856 383 1020 429 temporis
1045 382 1281 429 Pythagoreos
1319 385 1353 418 et
1386 392 1509 419 arcana
1542 383 1653 419 facere
1678 384 1714 418 et
1777 376 1832 402 '‘3'*

114 439 232 477 furtim
257 440 370 477 ablata
395 451 553 476 revocare
580 443 613 476 et
639 452 680 476 ex
705 441 883 477 nativitate
916 440 1027 476 futura
1052 440 1247 486 praedicere
1272 451 1454 477 consuesse
1466 441 1504 485 ⁸).

231 498 271 535 In
310 498 373 533 has
411 499 515 544 igitur
552 509 608 533 res
645 500 795 544 magicas
833 502 866 533 et
903 498 1067 544 mysticas
1094 497 1294 533 sodalicium
1319 498 1492 544 quoddam
1518 498 1712 533 institutum
1745 486 1749 491 ⁴

113 566 187 592 esse
212 556 413 602 putaverim,
440 556 476 591 in
502 556 603 602 quod,
631 566 710 592 cum
736 556 895 592 omnibus
921 556 992 591 fere
1027 555 1197 591 sodaliciis
1235 556 1496 591 adversarentur
1534 556 1713 602 magistra-

113 616 178 655 tus,
219 614 343 649 abiisse
380 613 527 648 Salustio
565 613 662 648 facile
700 614 810 658 potuit
848 613 1063 658 exprobrari;
1101 613 1302 658 praesertim
1340 623 1419 648 cum
1453 623 1493 648 eo
1525 613 1600 659 ipso
1625 622 1714 648 anno

113 670 255 713 696758,
283 681 350 716 quo
377 681 396 705 a
421 669 540 706 Clodio
567 670 726 706 restituta
751 672 832 706 sunt
864 669 1025 707 sodalicia
1058 670 1256 717 perniciosa,
1286 670 1453 707 Salustius
1486 672 1520 707 in
1550 671 1586 707 id
1618 671 1715 707 soda-

115 728 232 768 licium
257 729 381 764 abiisse
407 729 570 767 videatur.
610 729 704 764 Num
730 729 813 774 quid
839 732 937 774 turpe
963 729 997 763 in
1023 740 1063 764 eo
1089 729 1289 769 admissum,
1324 739 1392 774 non
1419 731 1473 763 est
1489 729 1712 775 exploratum,

113 786 180 822 nisi
206 786 299 831 quod
323 786 365 821 iis
391 796 478 831 quae
504 785 666 832 Nigidius
692 787 734 821 de
761 786 833 831 dis,
872 786 914 821 de
954 786 1056 821 rebus
1081 797 1100 821 a
1129 788 1249 820 natura
1273 785 1452 825 involutis,
1490 787 1533 822 de
1570 785 1713 832 augurio

113 842 245 889 privato
272 843 467 886 tradiderat,
495 854 575 879 cum
602 842 796 879 Stoicorum
821 844 1012 889 praeceptis
1038 844 1306 886 adversarentur,
1347 843 1467 889 religio
1492 844 1619 886 violari,
1659 854 1714 879 res

114 901 250 946 publica
274 901 460 946 periclitari
486 901 683 942 videbatur,
723 901 814 945 quod
853 901 1097 945 imperatorum
1136 901 1274 945 quidem
1313 900 1522 946 temporibus
1557 899 1713 947 sacrilegi

112 957 251 994 nomine
276 960 441 997 notatum,
470 960 504 993 et
528 958 623 1004 gravi
650 968 759 1003 poena
784 957 955 993 adfectum
990 960 1043 993 est
1056 957 1096 1002 4).
1126 954 1416 1003 Νεκυομαντείαις
1448 957 1643 1005 Nigidianis
1679 961 1713 994 et

114 1011 390 1062 ψυχομαντείαις
415 1015 597 1052 adfuerunt
622 1015 757 1062 Appius
791 1014 968 1058 Claudius,
1008 1016 1056 1051 M.
1084 1015 1211 1057 Varro,
1251 1016 1288 1050 P.
1317 1016 1475 1051 Vatinius
1488 1016 1515 1060 ⁵)
1551 1018 1653 1061 atque
1678 1015 1713 1051 in

114 1073 381 1118 interrogatione
407 1075 580 1117 perpetua,
608 1083 675 1117 qua
700 1072 818 1107 Cicero
845 1073 883 1108 P.
911 1072 1026 1107 Vatini
1054 1072 1159 1107 vitam
1194 1075 1228 1107 et
1257 1072 1468 1108 tribunatum
1493 1072 1714 1119 reprehendit

114 1132 217 1175 (anno
244 1129 388 1176 698s56)
426 1129 596 1176 permulta
635 1130 770 1172 insunt,
809 1141 895 1176 quae
933 1130 974 1165 ad
1012 1130 1228 1176 sacrilegium
1279 1130 1504 1176 Nigidianum
1537 1131 1715 1167 referenda

113 1197 188 1223 esse
212 1188 452 1232 putaverimG).
504 1187 592 1230 Quin
619 1187 724 1222 etiam
750 1187 907 1222 universa
932 1187 1153 1233 interrogatio
1178 1188 1214 1222 111
1240 1187 1415 1223 Vatinium
1440 1187 1487 1223 ita
1512 1187 1635 1223 similis
1661 1190 1712 1223 est

86 1285 88 1287 .
112 1244 300 1280 invectivae
326 1244 361 1280 in
388 1244 585 1288 Salustium,
625 1247 663 1280 ut
700 1245 728 1280 si
767 1256 836 1281 non
874 1255 950 1281 cam
987 1245 1139 1281 imitatus
1174 1256 1248 1281 esse
1275 1247 1308 1280 at
1333 1245 1441 1280 multa
1467 1248 1581 1281 tamen
1606 1256 1647 1281 ex
1673 1256 1713 1281 ea

115 1303 326 1348 decerpsisse
353 1303 507 1339 videatur
532 1305 658 1344 auctor,
694 1304 741 1337 ita
766 1302 914 1337 illustrat
939 1302 1203 1347 Nigidianorum
1241 1313 1354 1337 mores
1385 1305 1419 1337 et
1444 1302 1556 1337 studia
1581 1312 1713 1338 eorum-

113 1370 180 1406 que
206 1359 435 1407 sacrilegium,
465 1362 502 1396 ut
527 1360 647 1396 eadem
674 1359 744 1397 fere
770 1359 1038 1408 interrogatione
1065 1359 1261 1407 compellari
1286 1361 1436 1407 potuerit
1453 1360 1630 1397 Salustius.
1658 1361 1712 1397 Ex

113 1417 171 1454 illo
197 1418 378 1454 conficitur
404 1430 536 1454 morum
565 1419 712 1464 quadam
739 1418 962 1454 similitudine
997 1429 1033 1454 se
1067 1418 1281 1454 coniunxisse
1323 1418 1508 1454 Salustium
1541 1429 1620 1454 cum
1645 1418 1713 1453 Va-

111 1475 196 1511 tinio
222 1478 257 1511 et
281 1474 488 1521 Nigidianis,
516 1487 557 1511 ex
583 1475 650 1511 hoc
676 1487 754 1511 eum
780 1476 944 1521 postulari
962 1477 1114 1522 potuisse
1132 1475 1286 1522 sacrilegi
1304 1475 1491 1522 Nigidiani.
1516 1476 1611 1511 Num
1629 1486 1708 1511 vero

111 1532 303 1578 postulatus
329 1533 372 1568 sit
397 1533 499 1568 huius
525 1532 681 1579 sacrilegi
707 1536 765 1568 aut
790 1533 940 1576 sodalici‚
969 1543 1046 1568 cum
1072 1543 1183 1579 neque
1209 1533 1361 1579 Appium
1384 1544 1495 1579 neque
1521 1533 1712 1569 Varronem

112 1600 224 1635 neque
250 1590 427 1625 Vatinium
454 1590 527 1625 eius
554 1590 706 1625 criminis
732 1601 807 1626 reos
833 1590 939 1626 factos
978 1601 1051 1625 esse
1091 1592 1303 1635 compertum
1341 1591 1396 1633 sit,
1435 1600 1477 1626 ne
1516 1590 1711 1626 coniectura

115 1647 257 1693 quidem
283 1648 446 1693 consequi
472 1658 663 1692 possumus.
692 1647 758 1683 Sed
785 1648 951 1693 quidquid
976 1648 1009 1682 in
1037 1658 1138 1682 causa
1163 1647 1236 1689 fuit,
1264 1658 1324 1682 cur
1348 1648 1401 1682 bis
1427 1647 1548 1682 iudicis
1573 1648 1616 1682 ad
1634 1648 1712 1683 sub-

121 1704 217 1740 sellia
242 1707 407 1740 attractus
434 1707 586 1740 extrema
612 1705 747 1740 fortuna
773 1707 888 1746 staret,
916 1706 951 1739 et
980 1705 1026 1739 ita
1052 1704 1258 1747 discederet,
1295 1706 1332 1739 ut
1357 1715 1425 1740 non
1451 1704 1523 1751 ipse
1548 1704 1712 1740 innocens

227 1811 252 1847 ¹)
270 1810 445 1840 Marcianus
472 1810 602 1849 Capella.
630 1810 699 1841 Rae.
728 1811 907 1841 Franciscus
924 1810 1135 1849 Eyssenhardt.
1162 1810 1245 1850 Lips.
1274 1810 1386 1841 Teubn.
1419 1811 1501 1843 1866.
1532 1820 1560 1850 p.
1581 1811 1645 1845 385,
1666 1811 1711 1841 22.

112 1859 177 1896 388,
198 1859 225 1890 8.
253 1860 319 1896 390,
341 1860 386 1889 21.
408 1859 473 1893 393,
495 1860 540 1890 20.
562 1860 627 1897 396,
648 1861 674 1889 7.
695 1860 751 1890 401
773 1861 799 1890 6.
820 1861 885 1894 402,
908 1861 952 1890 12.
974 1861 1039 1896 406,
1063 1861 1086 1889 1.
1109 1860 1174 1897 407,
1196 1860 1239 1890 17.
1261 1860 1326 1894 410,
1349 1860 1392 1889 14.

227 1908 250 1940 ²)
271 1907 305 1937 L.
326 1907 361 1937 R.
384 1907 427 1935 ΗΒ
448 1908 511 1938 196.
536 1909 549 1937 1
572 1922 608 1931 =
629 1908 707 1945 ⁴170,
730 1909 756 1938 1.

226 1956 250 1993 ²)
272 1955 352 1986 Conf-
374 1954 461 1985 Dion·
484 1955 563 1986 Cass.
585 1957 637 1993 45,
660 1957 691 1993 1,
712 1957 738 1990 3,
759 1957 794 1987 4:
816 1952 892 2002 ἄρτι
910 1969 949 1990 τε
974 1956 993 1991 ὁ
1011 1958 1097 1998 παῖς
1116 1956 1320 1998 Ὀκταούιος
1346 1956 1487 2002 Καῖσαρ
1504 1951 1713 2000 Αὔγουστος

111 2015 159 2061 (a.
188 2014 332 2059 691s63)
358 2011 563 2060 ἐγεγέννητο,
599 2012 656 2047 καὶ
683 2011 841 2058 Νιγίδιος
876 2010 1046 2058 Φίγοιλος
1070 2013 1259 2061 βουλευτής
1284 2013 1496 2061 παραχρῆμα
1521 2011 1614 2059 αὐτῷ
1650 2011 1713 2059 τήν

114 2067 300 2118 αὐταρχίαν
325 2068 571 2116 ἐμαντεύσατο·
600 2066 724 2118 ἷὶριστα
747 2070 811 2118 γὰρ
835 2071 904 2106 τῶν
928 2071 1014 2106 καθ)
1038 2067 1160 2106 ἑαυτὸν
1185 2070 1248 2118 τήν
1280 2084 1319 2106 τε
1342 2071 1405 2106 τοῦ
1431 2070 1544 2105 πόλου
1569 2069 1712 2104 διακόσ-

108 2140 213 2177 μησιν
238 2127 296 2163 καὶ
320 2129 383 2170 τὰς
406 2130 475 2162 τῶν
501 2126 655 2171 ἀστέρων
680 2129 860 2177 διαφοράς,
899 2126 967 2164 ὅσα
999 2141 1036 2163 τε
1061 2128 1148 2163 καθ’
1172 2124 1314 2171 ἑαυτούς
1347 2128 1538 2174 γιγνόμενοι
1564 2126 1622 2162 καὶ
1646 2124 1713 2162 ὅσα

109 2186 356 2232 συμμιγνύντες
382 2186 545 2233 ἀλλήλοις
582 2184 618 2220 ἔν
642 2199 681 2221 τε
705 2188 783 2228 ταῖς
807 2184 958 2231 ὁμιλίαις
994 2185 1051 2220 καὶ
1076 2185 1112 2220 ἑν
1137 2187 1215 2228 ταῖς
1240 2185 1465 2221 διαστάσεσιν
1492 2184 1711 2227 ἀποτελοῦσι,

109 2242 242 2291 διέγνω,
269 2242 326 2278 καὶ
350 2243 439 2279 κατὰ
462 2244 567 2279 τοῦτο
592 2244 655 2292 τήν
689 2240 802 2279 αἰτίαν
835 2241 880 2287 ὣς
912 2257 1009 2286 τινας
1042 2243 1260 2291 ἀπορρήτους
1285 2243 1465 2290 διατριβὰς
1501 2238 1712 2287 ποιούμενος

108 2299 219 2348 ἔσχεν.
248 2295 350 2343 οὗτος
376 2296 436 2336 οὗν
459 2302 539 2336 τότε
576 2301 637 2336 τόν
664 2301 871 2336 Ὀκταούιον
894 2301 1105 2349 βραδύτερον
1139 2299 1189 2344 εἰς
1213 2301 1254 2337 τό
1280 2298 1457 2348 συνέδριον
1482 2301 1541 2336 (1ιά
1565 2300 1627 2336 τόν
1651 2299 1713 2334 τοῦ

109 2358 238 2402 παιδὸς
262 2359 375 2402 τόκον,
402 2356 499 2403 ἔτυχε
524 2360 587 2406 γάρ
612 2359 722 2406 βονλή
748 2353 845 2402 οὖσα,
873 2359 1124 2407 ἀπαντήσαντα
1148 2356 1231 2394 ἷὸιῠν
1266 2359 1462 2406 ἀνεβόησεν,
1495 2356 1550 2393 ὅτι
1576 2356 1712 2392 δεσπό-

108 2429 170 2465 την
193 2417 278 2465 ήμῒν
303 2414 510 2466 γεγέννηκας,
536 2416 594 2453 καὶ
619 2417 723 2453 αὐτὸν
748 2414 1006 2465 ἐκταραχθέντα
1031 2415 1093 2452 ἐπὶ
1117 2416 1229 2464 τούτῳ
1255 2415 1312 2452 καὶ
1338 2416 1548 2465 διαφθεῖραι
1571 2416 1613 2451 τὸ
1625 2427 1712 2450 παι-

109 2473 185 2511 δίον
210 2474 432 2523 ἐθελήσαντα
457 2474 614 2520 ἐπέσχεν,
640 2473 750 2510 εἰπιὺν
775 2473 830 2510 ὅτι
856 2475 1025 2509 ἀδύνατόν
1050 2474 1125 2509 ἐστι
1149 2475 1309 2509 τοιοῦτόν
1332 2487 1367 2509 τι
1393 2475 1478 2509 αὐτὸ
1503 2473 1650 2508 παθεῖν.

225 2534 248 2569 ⁴)
269 2532 373 2571 Pauly.
395 2533 430 2562 R.
452 2532 526 2562 Eue.
549 2533 599 2570 vl,
622 2535 647 2571 1,
669 2541 696 2571 p.
718 2533 783 2563 675.

224 2581 249 2617 ⁵)
268 2580 403 2611 Momms.
425 2580 463 2612 H.
484 2580 518 2611 R.
541 2580 601 2610 111⁹
620 2590 648 2619 p.
670 2582 726 2612 552
746 2590 789 2618 sq.
810 2595 847 2605 =
868 2581 926 2610 111⁴
946 2582 1011 2612 557.

224 2630 248 2666 ⁶)
270 2629 351 2659 Cous.
374 2629 432 2659 Cic.
454 2629 484 2658 in
506 2629 604 2659 Vatin.
627 2631 654 2667 2,
675 2631 704 2660 5.
725 2630 750 2660 6.
772 2631 799 2667 4,
823 2630 866 2660 10.
889 2631 915 2667 5,
939 2630 982 2659 11.
1004 2630 1030 2663 6,
1054 2630 1097 2659 14.
1121 2630 1165 2659 15.
1187 2630 1212 2666 7,
1236 2630 1279 2659 17.
1303 2629 1347 2663 13.
1368 2629 1416 2658 31.
1432 2619 1483 2661 82.
