1835 2802
112 171 289 234 prooemia
313 171 566 217 praemitteret,
607 171 776 207 orationes
813 174 847 207 et
881 171 1112 218 digressiones
1145 171 1323 207 insereret.
1373 164 1465 216 Qum
1500 184 1558 211 ea.
1591 192 1625 217 ·>2

112 228 296 276 prooemia,
325 229 496 264 orationes
522 231 556 263 et
582 227 754 274 epistulas
781 228 1012 275 digressiones
1038 229 1082 264 ad
1099 228 1230 265 Graeca
1255 228 1462 275 exemplaria
1591 226 1593 229 ⁴
1614 235 1617 239 “
1731 246 1739 251 .

113 284 224 330 Quare
259 285 375 321 nescio
409 297 453 321 an
487 286 568 321 iure
586 284 816 329 Quintilianus
848 285 948 331 (Inst.
977 297 1023 322 or.
1051 286 1084 328 9
1111 287 1143 328 3
1172 285 1254 332 17).
1292 285 1344 322 Ex
1382 277 1513 325 Graeco
1549 289 1715 340 matht}

110 343 255 380 Salustii
282 344 440 388 plurima,
470 343 569 389 quale
595 345 664 378 est:
692 342 825 389 Vulgus
854 345 944 378 amat
968 343 1043 378 fieri
1058 344 1093 387 ¹.)
1710 374 1738 393 u.

229 402 411 446 Quaeritur
449 401 572 448 igitur,
613 411 696 436 num
728 401 810 437 vitio
845 400 1025 437 tribuenda
1058 401 1103 437 sit
1137 401 1283 438 Salustio
1309 401 1518 440 Graecorum
1543 400 1737 452 ίωιῖίᾳίίρᾚ

116 459 216 504 Quod
242 460 403 505 equidem
427 458 635 504 negaverim
685 458 737 493 Ita
763 459 857 494 enim
882 458 1057 493 transtulit
1082 469 1123 494 ex
1151 459 1291 499 Graeco,
1325 459 1373 494 ita
1398 459 1548 496 Graecos
1568 461 1716 510 scripto-

114 528 172 554 res
199 517 353 553 imitatus
379 519 440 559 est,
468 518 505 551 ut
530 515 650 551 Latine
678 515 770 563 loqui
796 527 865 552 non
893 516 1082 559 desineret,
1118 516 1340 553 Latinitatem
1365 516 1527 554 orationis
1550 528 1620 556 non
1643 519 1737 563 vib-2

113 574 209 610 laret.
260 575 383 620 Neque
408 574 538 620 ingenii
563 575 651 609 tardi
677 577 736 609 aut
761 573 885 609 sterilis
919 576 988 616 est,
1028 575 1120 620 quod
1153 574 1261 610 multa
1290 585 1333 610 ex
1366 575 1496 610 Graeco
1528 576 1726 622 mmmm

112 643 183 667 non
209 632 300 667 enim
327 632 368 666 ad
395 630 537 666 verbum
563 630 692 667 Graeca
729 631 910 677 descripsit
943 633 977 666 et
1010 631 1195 677 expressit,
1232 631 1293 667 sed
1326 642 1412 678 quae
1437 631 1546 669 multa
1568 632 1729 686 legendo„

112 693 149 726 et
174 690 343 725 audiendo
370 690 483 724 animo
509 688 710 731 imbiberat,
751 700 791 724 ea
818 689 940 724 Latino
966 690 1117 725 sermoni
1142 690 1189 725 ita
1213 690 1377 732 reddidit,
1404 692 1442 725 ut
1466 690 1533 726 nisi
1557 686 1738 734 &comte

115 746 300 782 contuleris
326 746 494 787 Graecos,
537 746 592 780 vix
629 756 736 780 unum
762 745 949 781 alterumve
983 746 1095 781 locum
1128 745 1360 782 Salustianum
1385 757 1426 781 ex
1452 739 1581 796 Graeco
1606 743 1735 785 trans-F.

112 803 221 839 latum
246 815 323 839 esse
350 804 559 850 cognoveris.
1719 814 1722 815 ⁷

227 861 296 896 Sed
321 863 360 895 ut
385 861 428 895 ad
453 861 559 896 finem
586 861 772 895 adducatur
798 861 1059 903 commentatio,
1097 871 1155 896 eos
1190 872 1326 903 omnes,
1364 862 1423 906 qui
1449 860 1574 896 Salusti
1598 862 1712 899 elocu-

113 918 244 954 tionem
261 917 529 964 reprehendunt,
557 917 761 960 monuerim,
788 919 825 953 ut
850 917 935 954 haec
961 917 1125 964 relegant,
1152 929 1238 964 quae
1252 916 1479 962 Quintilianus
1504 919 1547 955 de
1571 918 1740 968 historias

112 976 198 1012 dicit
224 976 325 1023 (Inst.
353 988 399 1012 or.
429 976 492 1018 10,
522 977 559 1018 1,
587 977 667 1020 31):
705 975 785 1021 Ipsa
810 975 985 1022 (historia)
1014 976 1063 1011 sio
1089 978 1141 1011 est
1165 976 1324 1023 legenda,
1350 978 1389 1011 ut
1414 976 1562 1012 sciamus
1586 976 1714 1023 pler'as-
1735 1004 1738 1008 -

111 1045 182 1080 que
208 1034 279 1070 eius
305 1035 448 1070 virtutes
475 1034 600 1069 oratori
626 1044 699 1069 esse
726 1033 893 1070 vitandas,
945 1033 1010 1069 Est
1043 1033 1134 1069 enim
1168 1034 1322 1079 proxima
1353 1034 1464 1080 poetis
1497 1036 1532 1070 et
1564 1035 1714 1080 quodam
1731 1033 1737 1065 ἶ

115 1092 219 1128 modo
245 1102 384 1127 carmen
410 1090 557 1127 solutum
585 1093 619 1126 et
644 1091 804 1126 scribitur
833 1091 875 1126 ad
901 1092 1118 1133 narrandum,
1145 1102 1213 1126 non
1239 1092 1282 1126 ad
1306 1091 1540 1137 probandum
1566 1092 1712 1139 ideoque

113 1152 151 1184 et
176 1150 288 1184 verbis
313 1149 554 1184 remotioribus
580 1151 615 1183 et
640 1148 856 1184 liberioribus
882 1149 1002 1194 figuris
1028 1149 1186 1184 narrandi
1213 1149 1364 1184 taedium
1389 1149 1502 1185 evitat.

227 1325 251 1361 ¹)
271 1324 349 1354 Hist.
372 1324 428 1353 inc.
452 1325 516 1354 111.
538 1323 671 1353 Dietsch.
693 1324 729 1353 cf.
753 1324 847 1353 Thuc.
870 1325 897 1357 2.
917 1325 963 1361 65,
985 1325 1016 1354 2:
1038 1317 1126 1366 ὅπερ
1147 1319 1244 1367 φιλεῖ
1259 1317 1380 1365 ὅμιλος
1397 1321 1523 1355 ποιεῖν.
1550 1320 1712 1356 Herodot.

115 1377 210 1419 VIII,
229 1379 294 1413 68:
320 1377 415 1411 τοῖσι
440 1377 620 1424 χρηστοῖσι
645 1377 713 1410 τῶν
739 1377 939 1423 ἀνθρώπων
963 1375 1062 1412 κακοὶ
1088 1377 1207 1412 δοῦλοι
1231 1375 1391 1425 φιλέουσι
1420 1374 1590 1423 γίνεσθαι.
1617 1377 1711 1420 VIH,

114 1435 198 1471 128:
240 1428 300 1469 οἶα
324 1432 436 1483 φιλέει
460 1430 622 1480 γίνεσθαι
649 1431 685 1468 ἓν
710 1431 866 1480 πολέμῳ.
897 1435 956 1475 IX,
987 1435 1072 1470 122:
1100 1432 1232 1482 φιλέειν
1256 1432 1294 1469 ἐκ
1317 1435 1386 1469 τῶν
1409 1434 1572 1480 μαλακῶν
1595 1434 1714 1481 χώρων

109 1492 288 1537 μαλακούς
314 1487 440 1537 ἄνδρας
464 1488 636 1537 γίνεσθαι.
665 1491 715 1527 Of.
735 1491 832 1534 VIII,
851 1493 916 1527 60:
945 1489 1095 1538 (οἰκότα)
1119 1492 1165 1534 ὥς
1188 1492 1229 1526 τὸ
1254 1489 1390 1527 ἐπίπαν
1407 1490 1524 1527 ἐθέλει
1540 1489 1712 1538 γίνεσθαι.

1381 1597 1429 1641 Μ.
1463 1596 1653 1653 itiner.
