1835 2802
33 120 103 186 rs»
123 118 203 145 *³³:⁸³
236 102 564 197 exponemus
541 148 595 185 Ita
626 148 719 186 enim
752 107 939 186 Salustium
970 148 1219 196 Empedocleas
1252 148 1490 197 philosophiae
1516 149 1706 187 deditum
1732 119 1784 198 {Q}

86 191 190 251 fuisse·
220 207 293 244 veri
326 206 438 244 simile
472 208 540 251 est,
584 208 624 243 ut
653 206 850 244 adulescens
882 217 959 244 eam
991 208 1062 243 toto
1096 207 1210 244 animo
1243 207 1424 245 imbiberet
1453 208 1710 255 versibusque>
1736 200 1789 259 ἶξ

86 266 197 307 latinis
220 264 379 302 redderet
403 275 510 311 eaque
535 264 578 301 ad
603 267 794 301 accuratam
821 265 996 302 initiorum
1021 275 1265 311 causarumque
1291 264 1454 312 cuiusque
1486 266 1535 303 rei
1559 265 1678 314 cogni-
1693 265 1745 293 τῖ’
1788 260 1807 306 3]

87 326 213 364 tionem
242 322 471 366 excitaretur,
510 308 643 369 postea,
682 322 742 359 ubi
776 321 959 369 multiplici
992 322 1163 359 variarum
1195 333 1310 358 rerum
1343 323 1535 370 cognitione
1568 323 1678 361 multa
1753 360 1786 377 ,

28 382 36 406 ἲ
81 379 305 429 ‘Empedoclis
329 379 454 426 placita
478 382 579 427 atque
604 382 787 427 praecepta
816 380 901 417 falsa
930 390 1005 416 esse
1038 379 1282 423 intellexisset,
1321 390 1407 426 quae
1446 381 1574 418 veriora
1610 380 1676 419 sibi
1749 381 1794 431 tf}

27 429 33 461 Ῑ
85 434 278 477 viderentur
303 436 506 480 Stoicorum,
533 437 780 484 Epicureorum
813 437 1024 484 aliorumque
1057 439 1240 484 praecepta
1270 440 1460 474 assumeret
1492 439 1595 485 atque
1628 439 1677 475 ita

20 540 23 544 Ι
85 508 162 535 eum
185 494 424 541 Empedocleis
449 495 679 542 coniungeret,
705 497 743 531 ut
766 506 786 531 a
808 494 1074 542 philosophandi
1099 495 1230 531 ratione
1254 496 1296 532 ab
1321 496 1460 532 ineunte
1477 497 1586 533 aetate
1602 488 1682 533 sua-v
1736 487 1816 545 ‚ks-'j

22 569 25 573 f
85 553 181 601 cepta
204 562 274 588 ιιοιι
297 552 482 589 recederet.
508 552 601 588 Nam
618 563 685 599 quo
702 551 809 589 semel
826 554 879 588 est
894 552 1025 589 imbuta
1040 562 1160 588 recens
1178 553 1326 589 servabit
1343 553 1484 589 odorem
1500 555 1590 590 testa
1605 553 1674 590 diu.
1720 562 1724 568 “
1756 546 1810 588 ’5-ιὲ

178 609 308 656 -“Αί;(]ιιε
332 610 439 656 ipsius
465 621 580 647 rerum
604 610 837 657 dispositionis
862 611 948 647 mira
965 610 1111 657 quadam
1132 610 1353 647 similitudine
1371 622 1449 647 cum
1466 610 1676 658 Empedoele

83 679 118 705 se
142 667 317 703 coniunxit
342 667 520 703 Salustius.
572 668 621 703 Ut
645 668 737 703 enim
762 667 999 714 Empedocles,
1026 679 1112 714 quae
1129 667 1338 715 Pythagorei
1357 668 1399 704 de
1419 669 1534 705 divina
1551 671 1675 705 natura

82 736 119 762 ac
144 725 186 761 de
211 725 401 761 animorum
425 725 626 772 migratione
650 728 892 771 praeceperant
915 725 950 761 in
975 726 1187 772 prooemium
1200 725 1224 769 ¹)
1241 724 1416 762 rettulerat
1435 726 1548 771 (Mull.
1566 726 1673 774 praef.

82 795 113 830 p.
139 782 232 829 XV),
259 783 350 828 quod
375 793 453 818 cum
478 782 618 828 reliquis
642 783 935 828 praeceptionibus
960 794 1028 818 non
1053 783 1100 818 ita
1125 785 1195 818 arte
1222 783 1402 819 cohaerere
1436 784 1570 820 videtur
1599 784 1672 830 ple-

83 841 195 886 risque
222 839 333 885 (Mun.
359 851 391 886 p.
419 839 566 886 XXIII),
593 840 639 875 ita
664 839 832 875 Salustius
849 851 935 886 quae
953 840 1017 876 sibi
1036 840 1262 885 probarentur
1279 839 1561 886 philosophorum
1578 852 1675 888 prae-
1719 860 1722 863 >

84 900 181 945 cepta
205 897 241 933 in
270 897 445 943 prooemia
477 896 625 940 rettulit,
665 908 751 943 quae
777 898 851 944 ipsa
876 897 962 933 nihil
987 898 1029 934 ad
1059 898 1238 934 historiam
1271 898 1442 944 pertinere
1475 899 1676 935 videbantur
1804 907 1813 958 s

83 954 286 1000 Quintiliano
314 955 405 1000 (inst.
432 966 480 990 or.
507 956 539 998 3,
567 955 599 998 8,
626 955 662 999 9)
690 954 841 1001 aliisque,
869 966 1016 1001 quorum
1033 956 1235 991 sententiam
1252 955 1338 991 infra
1354 956 1413 991 ubi
1431 956 1474 992 de
1492 957 1674 1002 prooemiis

82 1012 291 1049 tractandum
316 1012 390 1055 erit,
416 1012 694 1058 improbabimus.
744 1012 784 1048 In
808 1013 910 1049 rebus
945 1016 1058 1049 autem
1093 1013 1276 1049 tractandis
1306 1012 1532 1059 Empedocles
1563 1014 1670 1060 probe

8 1082 11 1084 ·
31 1087 33 1089 -
83 1070 260 1117 distinguit
285 1070 399 1105 divina
424 1072 458 1105 et
482 1072 645 1114 humana,
683 1070 859 1107 mutabilia
884 1073 917 1106 et
941 1071 1121 1117 perennia,
1156 1081 1272 1106 rerum
1304 1073 1444 1107 naturae
1469 1071 1672 1107 vicissitudi-

81 1138 141 1164 nes
166 1130 200 1163 et
224 1127 365 1164 deorum
390 1128 625 1164 aeternitatem
650 1127 765 1175 (Mull.
793 1139 824 1175 p.
852 1128 961 1175 XVI).
1012 1129 1144 1165 Eadem
1181 1129 1250 1164 fere
1289 1130 1404 1164 monet
1442 1133 1476 1164 et
1510 1129 1695 1176 praecipit·

81 1185 243 1221 Salustius
270 1184 355 1230 (Cat.
386 1186 416 1228 1,
443 1186 466 1221 2
491 1197 542 1231 sq.
569 1185 642 1232 Iug.
671 1187 703 1229 2,
732 1187 848 1232 lsqq).

190 1242 308 1289 Atque
333 1244 371 1278 ut
395 1242 624 1289 Empedocles
650 1243 818 1289 (prooem.
845 1254 896 1279 vv.
924 1243 1084 1290 36—40)
1109 1244 1151 1280 de
1181 1244 1269 1280 vitae
1300 1244 1473 1288 brevitate,
1500 1243 1671 1281 humanae

79 1301 204 1337 mentis
230 1301 396 1347 angustiis
421 1300 629 1347 reliquisque
654 1301 823 1347 perfectae
848 1301 1043 1347 sapientiae,
1079 1313 1182 1347 quam
1208 1313 1327 1338 omnes
1353 1304 1522 1348 expetant,
1561 1302 1669 1348 impe-

80 1357 239 1393 dimentis
265 1358 482 1403 conqueritur
508 1357 617 1402 (Mull.
645 1369 677 1403 p.
693 1358 810 1393 XXIII
835 1358 883 1402 2),
911 1358 958 1393 ita
983 1357 1151 1393 Salustius
1176 1359 1282 1394 vitam
1307 1359 1416 1405 ipsam
1442 1370 1509 1404 qua
1526 1358 1672 1394 fruimur
1705 1372 1707 1374 ¹
1755 1349 1759 1352 ¹
1793 1335 1815 1400 ἧ,

78 1415 216 1451 brevem
244 1426 317 1452 esse
343 1415 425 1451 dicit
450 1414 540 1461 (Cat.
567 1415 600 1458 3,
627 1415 675 1461 4).
728 1414 825 1460 Quod
851 1417 965 1451 autem
991 1414 1078 1463 (Iug.
1108 1417 1138 1459 1,
1167 1416 1204 1463 1)
1238 1415 1324 1452 falso
1351 1416 1448 1463 queri
1473 1416 1521 1452 ait
1545 1416 1588 1453 de
1613 1427 1671 1453 na-

79 1474 153 1507 tura
176 1482 236 1507 sua
260 1483 368 1518 genus
393 1472 592 1514 humanum,
620 1473 711 1517 quod
736 1473 781 1508 sit
805 1472 974 1509 imbecilla
998 1475 1100 1518 atque
1125 1474 1198 1508 aevi
1223 1474 1355 1515 brevis,
1390 1483 1500 1518 neque
1535 1484 1575 1508 eo
1603 1473 1671 1509 dis-
1744 1486 1746 1489 ·

79 1529 168 1565 cedit
192 1530 233 1566 ab
258 1528 476 1576 Empedocle,
504 1529 562 1576 qui
588 1528 644 1566 his
669 1541 704 1566 se
729 1530 842 1566 verbis
867 1530 994 1566 excitat
1006 1529 1052 1574 2);

366 1596 494 1644 Θάρσει
519 1595 576 1632 καὶ
600 1597 679 1632 τότε
704 1597 748 1645 δή
773 1594 898 1646 σοφίης
922 1595 982 1632 ἐπ’
1007 1592 1141 1645 ἄκροισι
1168 1597 1300 1641 θόαζε]

189 1664 300 1701 Immo
324 1667 363 1701 ut
388 1665 554 1702 Salustius
579 1666 741 1708 animum,
769 1665 826 1701 ubi
852 1665 893 1701 ad
918 1665 1061 1713 gloriam
1087 1666 1220 1701 virtutis
1246 1666 1299 1700 via
1324 1667 1506 1712 grassetur,
1533 1665 1669 1703 abunde

76 1720 259 1765 pollentem
284 1724 528 1768 potentemque
555 1725 590 1758 et
615 1723 743 1758 clarum
769 1723 852 1758 dicit
877 1722 967 1769 (Iug.
998 1724 1028 1763 1,
1055 1723 1094 1769 3)
1125 1726 1159 1758 et
1190 1733 1265 1764 eos,
1305 1723 1363 1768 qui
1395 1723 1512 1769 ingeni
1546 1723 1668 1768 opibus

76 1776 241 1815 bonarum
266 1791 380 1816 rerum
406 1779 550 1827 gloriam
576 1782 755 1827 quaerant,
795 1791 857 1827 pro
883 1779 1081 1816 mortalibus
1114 1779 1221 1827 gloria
1256 1782 1411 1816 aeternos
1444 1779 1515 1816 fore
1551 1775 1670 1816 statuit

77 1834 164 1881 (Cat.
184 1837 214 1880 l,
241 1840 274 1875 3.
300 1837 375 1886 Iug.
404 1839 434 1882 1,
462 1837 509 1884 5),
536 1838 584 1874 ita
608 1837 834 1885 Empedocles
850 1840 954 1878 vates,
981 1839 1109 1885 poetas,
1135 1838 1295 1880 medicos,
1322 1848 1437 1873 rerum
1454 1837 1668 1885 publicarum

78 1895 225 1930 rectores
263 1895 395 1931 futuros
433 1906 507 1931 esse
544 1897 626 1932 deos
663 1896 745 1931 dicit
782 1896 967 1931 honoribus
1004 1895 1265 1941 praecellentes,
1313 1894 1561 1931 immortalibus
1594 1895 1668 1931 aliis

79 1951 346 1996 contubernales,
373 1953 434 1988 fati
460 1955 494 1988 et
519 1953 676 1989 interitus
703 1955 859 1999 expertes
873 1952 900 1997 ³)
926 1955 960 1988 et
996 1963 1034 1988 se
1067 1952 1189 1988 iisdem
1222 1952 1351 1999 ingenii
1376 1952 1502 1988 artibus
1527 1952 1666 1988 immor-
1732 1962 1734 1965 ·
1770 1930 1816 1967 31²

76 2005 177 2043 talem
202 2008 329 2046 factum
355 2020 429 2046 esse
455 2010 574 2046 statuit
597 2009 810 2056 pulcherime
835 2009 893 2046 illo
919 2009 1077 2053 carmine,
1105 2021 1173 2056 quo
1198 2010 1338 2046 iuvenes
1355 2009 1600 2057 Agrigentinos
1624 2009 1668 2046 ad

75 2062 218 2109 gloriam
243 2068 369 2104 excitat
401 2068 473 2115 (vv.
500 2068 689 2105 397-410
715 2067 811 2104 Mull.
838 2085 885 2097 =
909 2067 1043 2104 Baltzer
1068 2068 1212 2114 Emped,
1240 2080 1291 2104 vv.
1319 2067 1506 2104 346—359
1531 2079 1564 2114 p.
1591 2067 1666 2114 69),

76 2130 116 2156 ex
141 2132 207 2169 quo
231 2135 300 2161 non
326 2136 466 2172 possum
492 2125 574 2172 quin
599 2124 730 2172 aliquos
755 2135 870 2161 versus
896 2124 1065 2161 adferam:

188 2258 212 2292 ι)
232 2258 413 2289 Mullachius
433 2260 536 2298 fragm.
558 2260 664 2299 philos.
686 2260 789 2290 Graec.
812 2259 906 2290 Paris
927 2260 1027 2290 Didot.
1049 2261 1146 2296 (1860)
1168 2259 1190 2289 1.
1212 2269 1239 2298 p.
1262 2261 1276 2290 1
1299 2262 1328 2288 et
1348 2260 1366 2289 2
1386 2266 1488 2288 versus
1511 2259 1614 2289 1—61.

188 2305 211 2343 ¹)
231 2305 316 2338 Mull.
338 2317 364 2345 V,
385 2309 423 2340 52
442 2322 480 2332 =
499 2308 620 2339 Baltzer
640 2308 835 2348 Empedocles
854 2317 881 2339 v.
903 2309 939 2340 19
959 2317 988 2347 p.
1009 2309 1054 2339 59.

187 2354 212 2391 ¹³)
231 2355 314 2387 Vers.
334 2350 486 2388 4'57-461
506 2356 592 2388 Mun.
615 2370 648 2383 =
670 2357 798 2388 Baltzer.
819 2356 905 2395 Emp.
926 2366 952 2388 v.
972 2357 1124 2388 437—441
1146 2366 1173 2395 p.
1195 2356 1247 2387 72:

302 2400 351 2447 εἷς
375 2402 414 2440 δὲ
437 2403 537 2447 τέλος
561 2404 701 2451 μάντεις
725 2403 783 2440 καὶ
807 2404 1002 2450 ὑμνοπόλοι
1026 2402 1084 2439 καὶ
1107 2401 1216 2451 ἰητροὶ

299 2460 358 2497 καὶ
381 2461 511 2511 πρόμοι
536 2462 779 2510 ἀνθρώποισιν
802 2458 1044 2508 ἐπιχθονίοισι
1069 2458 1244 2506 πέλονται,

299 2515 402 2554 ἔνθεν
427 2519 685 2565 ἀναβλαστοῦσι
710 2518 792 2555 θεοὶ
815 2520 934 2567 τιμῇσι
958 2516 1127 2567 φέριστοι,

301 2574 493 2621 ἀθανάτας
519 2572 674 2614 ὅλλοισιν
699 2574 856 2624 ὁμέστιοι
880 2573 917 2614 ἕν
941 2589 978 2613 τε
1002 2572 1190 2626 τραπέζαις

301 2630 408 2679 diues
433 2632 595 2685 ἀνδρείων
620 2633 739 2682 ἀχέων,
766 2634 947 2685 ἀπόκηροι,
974 2634 1128 2685 α’τειρεῖς.

1519 2707 1557 2742 2*
