1835 2802
528 0 637 21 nrm-,⁷¹
652 0 702 19 ’,τ-’,ε
725 0 967 21 Ἄπι
1003 0 1016 16 e
1059 15 1062 16 ,
1172 5 1175 6 ⁷
1506 0 1509 1 ⁷
1566 1 1568 3 ¹
1604 0 1730 59 «ὓ
1672 0 1707 24 ’ῑ
1705 0 1708 1 ’
1710 0 1752 15 2¹-

523 23 533 30 η
632 23 642 34 ,-
704 25 707 31 ,
728 26 732 30 ,
765 35 767 37 ¹
854 26 857 28 .
952 20 957 25 ⁸
1046 17 1060 29 *ι
1728 23 1758 51 ,4
1771 29 1795 36 ,γ

785 54 788 56 .
806 44 811 47 “
1749 43 1792 67 ’ζἹΑ

1736 54 1789 85 {h
1805 82 1807 87 ,

1747 102 1804 116 ψ,

2 151 16 169 5,
86 150 90 158 ,
459 140 467 148 .
504 96 704 160 Aequales
744 115 858 150 autem
895 115 934 149 ut
969 113 1008 150 L
1036 111 1211 151 Cornelius
1245 114 1386 151 Sisenna
1420 113 1509 162 (Iug
1537 114 1602 158 953
1636 85 1702 160 53),v

96 174 144 210 Μ.
169 170 339 208 Aemilius
364 170 520 212 Scaurus,
550 171 587 205 O.
615 171 721 205 Iulius
748 170 872 206 ansar
898 182 966 206 non
992 172 1082 207 aliud
1108 172 1179 207 fere
1204 172 1268 206 nisi
1294 174 1351 206 aut
1375 183 1452 207 suas
1468 175 1527 207 aut
1543 182 1687 210 suorum

96 239 150 267 res
174 228 289 275 gestas
314 237 438 273 easque
462 237 582 274 parum
619 227 726 263 libero
759 228 872 264 animo
898 228 1117 275 scripserunt.
1170 229 1218 263 At
1250 227 1415 264 Salustius
1448 231 1486 264 ut
1518 228 1583 266 fuit
1614 228 1685 268 acri

96 286 233 334 ingenio
259 287 292 321 et
318 284 424 321 multa
449 285 604 321 doctrina
629 286 761 331 primus
786 287 870 322 vidit
887 298 953 322 non
972 287 1099 322 nudam
1117 298 1233 322 rerum
1249 289 1422 332 gestarum
1440 287 1683 335 cognitionem,
1782 318 1830 336 ,,,

97 344 158 381 sed
193 343 317 378 iustam
359 352 476 378 earum
509 342 778 378 aestimationem
813 344 895 378 artis
919 343 1104 378 historicae
1131 343 1234 378 finem
1260 354 1345 378 esse.
1394 343 1473 379 Non
1510 345 1603 381 enim
1641 355 1684 384 ex
1745 345 1761 351 *⁴
1794 359 1800 366 ⁵

97 399 190 448 vulgi
215 399 453 436 aestimatione
479 402 513 436 et
536 399 635 436 laude
661 411 771 446 neque
795 412 838 436 ex
863 401 1007 444 fortuna,
1034 412 1120 447 quae
1144 411 1200 436 res
1226 411 1268 436 ex
1285 401 1435 437 lubidine
1453 403 1564 449 magis
1581 413 1685 448 quam

100 470 140 495 ex
168 467 246 493 vero
271 456 420 492 celebrat
444 456 534 503 (Cat.
561 459 593 500 8,
623 457 670 504 1),
697 458 758 493 sed
784 469 824 494 ex
850 458 1002 500 historia,
1038 469 1124 504 quae
1148 469 1261 493 rerum
1296 469 1413 494 causas
1442 462 1686 505 auctorumque

98 512 240 551 consilia
264 514 401 559 pandat,
440 515 611 549 aestimari
649 515 771 551 debere
809 526 863 550 res
901 518 1014 562 gestas
1052 526 1235 562 earumque
1262 518 1425 551 auctores.
1477 516 1573 560 Quod
1598 516 1711 552 bene.

99 571 235 609 conficit
272 571 416 608 Dietsch
454 571 597 619 (praef.³
621 584 650 619 p.
684 574 738 616 15,
767 573 837 617 12),
876 584 917 609 ex
941 572 1007 609 illis
1041 572 1165 610 Salusti
1204 572 1294 620 (Cat.
1320 573 1378 616 53,
1405 573 1429 609 5
1455 573 1526 620 sq.)
1564 574 1683 615 verbis,

99 630 219 676 quibus
244 628 362 664 multis
387 631 647 675 tempestatibus
673 631 763 665 haud
787 641 868 666 sane
886 642 1093 677 quemquam
1111 631 1239 666 Romae
1257 632 1382 667 virtute
1399 643 1564 678 magnum
1581 632 1686 673 fuisse

99 686 324 733 conqueritur,
351 686 412 723 sed
436 698 498 723 sua
521 688 688 724 memoria
712 688 842 735 ingenti
868 688 1001 730 virtute,
1029 688 1170 724 diversis
1195 689 1348 725 moribus
1374 689 1479 726 fuisse
1496 689 1583 725 viros
1601 689 1686 725 duos

99 745 150 782 M.
178 744 341 781 Catonem
368 748 401 781 et
426 745 463 781 O.
490 745 671 781 Caesarem
696 749 875 788 memorat,
901 747 1025 792 quibus
1051 746 1154 781 animi
1181 747 1380 793 magnitudo
1405 759 1474 793 par,
1509 748 1591 783 item
1616 747 1689 793 glo-

101 804 150 838 ria
173 803 234 842 sed
260 802 323 838 alia
346 802 404 838 alii
443 802 529 848 (Cat.
556 803 615 845 54,
645 805 691 851 1).
741 803 832 839 Nam
859 803 1085 846 Grachorum,
1120 804 1219 846 Mari,
1255 804 1377 847 Sullae,
1412 805 1566 851 Pompei,
1594 804 1688 841 cieo-

100 861 189 898 ronis
214 872 282 897 non
304 861 420 897 minor
445 861 509 897 fuit
534 861 625 909 vulgi
651 862 857 905 aestimatio,
896 873 965 898 non
1000 862 1110 898 minor
1143 863 1276 898 fortuna
1312 862 1420 907 (Sulla
1452 862 1588 909 Felix);
1626 862 1687 898 sed

102 930 178 955 cum
204 919 245 954 iis
270 919 403 954 deesset
428 919 532 955 animi
558 920 768 965 magnitudo,
810 930 888 955 cum
915 931 934 954 a
958 920 1046 955 bono
1072 920 1349 956 abstraherentur
1378 921 1535 963 libidine,
1575 931 1688 957 rerum
1752 921 1770 924 ”
1806 914 1811 928 ²

102 978 277 1023 gestarum
304 976 450 1022 scriptor
474 987 532 1012 eos
557 977 675 1023 magni
701 977 879 1012 aestimare
904 988 973 1012 non
998 978 1117 1023 potuit.
1168 978 1284 1024 Atque
1319 989 1359 1014 ea
1395 979 1468 1025 ipsa
1500 989 1541 1013 ex
1575 987 1686 1020 causa,

103 1036 140 1068 ut
165 1033 252 1068 iuste
278 1029 539 1069 aestimarentur
557 1034 618 1069 viri
644 1035 760 1081 magni
786 1045 970 1081 eorumque
995 1035 1167 1080 praeclara
1184 1036 1282 1077 facta,
1302 1036 1488 1072 Salustium
1512 1035 1690 1081 scripsisse

105 1101 158 1125 res
182 1090 471 1137 populissRomani
496 1091 593 1126 facile
620 1091 792 1137 colligitur
818 1103 858 1127 ex
884 1103 924 1127 eo
950 1093 1041 1137 quod
1066 1093 1148 1127 dicit
1174 1093 1304 1137 (ente,
1317 1094 1347 1129 3.
1360 1094 1400 1139 4)
1426 1092 1690 1129 Atheniensium

105 1148 202 1190 facta,
229 1147 310 1193 quia
335 1147 381 1183 ibi
407 1148 625 1193 provenerint
651 1149 852 1195 scriptorum
880 1160 1005 1195 magna
1030 1150 1176 1196 ingenia,
1204 1160 1266 1196 per
1292 1153 1455 1185 terrarum
1482 1150 1600 1185 orbem
1629 1160 1691 1195 pro

104 1205 259 1241 maximis
285 1204 457 1248 celebrari,
485 1209 520 1241 at
545 1205 670 1252 populo
688 1205 842 1242 Romano
867 1217 1055 1252 numquam
1082 1218 1155 1242 eam
1183 1208 1314 1253 copiam
1342 1207 1466 1253 (laudis
1492 1207 1691 1253 historicae)

102 1262 214 1306 fuisse,
241 1274 319 1299 cum
345 1264 494 1310 optimus
518 1264 663 1310 quisque
688 1264 801 1300 facere
827 1275 930 1310 quam
956 1264 1086 1308 dicere,
1127 1276 1188 1301 sua
1220 1266 1262 1301 ab
1295 1265 1371 1302 aliis
1397 1266 1483 1302 bene
1509 1265 1598 1302 faeta
1621 1264 1693 1301 lau-

102 1321 191 1363 dari,
230 1332 334 1367 quam
367 1322 442 1367 ipse
473 1320 617 1357 aliorum
643 1332 778 1358 narrare
803 1321 929 1358 mallet.
980 1322 1064 1358 Inde
1102 1324 1319 1359 manifestum
1358 1324 1416 1367 fit,
1455 1334 1559 1369 quam
1597 1322 1692 1369 parvi

102 1378 218 1414 feeerit
243 1378 411 1414 Salustius
438 1381 472 1414 et
497 1380 627 1425 priores
653 1383 688 1415 et
720 1379 876 1425 aequales
910 1379 1140 1416 Romanorum
1175 1392 1285 1416 rerum
1321 1382 1512 1427 scriptores¹
1563 1380 1692 1419 Eorum

104 1436 193 1472 enim
220 1436 357 1483 scriptis
382 1448 436 1473 res
462 1437 573 1473 varias
599 1440 634 1473 et
658 1437 809 1474 interae
835 1437 998 1474 discretas
1031 1438 1124 1474 nullo
1149 1439 1215 1474 nisi
1241 1450 1405 1475 annorum
1432 1439 1550 1475 ordine
1575 1449 1692 1474 conse-

102 1478 251 1529 rentium
267 1504 379 1539 neque
396 1494 484 1530 iuste
501 1494 768 1530 aestimabantur
783 1505 894 1539 neque
913 1494 1169 1530 celebrabantur
1193 1506 1247 1530 res
1271 1498 1388 1542 gestae
1405 1495 1521 1541 populi
1535 1495 1692 1532 Romi.

216 1550 349 1587 Omissa
374 1551 479 1598 igitur
504 1562 642 1587 suorum
669 1552 915 1588 consuetudine
941 1551 1089 1588 Graecos
1115 1563 1193 1588 cum
1218 1552 1302 1589 alios
1327 1555 1400 1589 tum
1425 1552 1574 1589 maxime
1600 1552 1691 1589 'rhu-

103 1609 260 1654 cydldem
285 1612 420 1645 secutus
446 1621 514 1645 non
539 1613 609 1645 tam
634 1613 827 1656 temporum
853 1614 911 1646 aut
934 1610 1087 1646 locorum
1112 1622 1215 1656 quam
1240 1622 1357 1646 rerum
1393 1612 1526 1647 ratione
1564 1610 1691 1653 habita,

103 1676 188 1711 quae
212 1677 303 1702 nexu
329 1667 462 1703 interno
489 1667 709 1717 cohaererent
742 1670 813 1703 arte
847 1667 1123 1714 comprehendit,
1161 1668 1327 1704 factorum
1364 1679 1485 1704 causas
1525 1667 1694 1714 sagaciter

104 1724 295 1769 exquisivit,
323 1735 390 1771 quo
415 1726 564 1772 quidque
590 1725 730 1762 consilio
754 1728 890 1773 gestum
916 1726 969 1768 sit,
992 1725 1142 1762 ,dilucide
1167 1727 1333 1772 exposuit.
1384 1726 1459 1762 Hac
1491 1726 1581 1762 enim
1606 1725 1695 1761 iusta

103 1792 215 1817 rerum
241 1785 418 1829 gestarum
443 1784 679 1819 aestimatione
704 1784 887 1829 plurimum
920 1795 956 1819 se
986 1784 1115 1829 patriae
1148 1784 1363 1829 profuturum
1397 1784 1573 1829 maiusque
1599 1793 1692 1818 cam-

104 1839 242 1875 modum
261 1851 302 1876 ex
320 1840 388 1876 otio
413 1852 475 1877 suo
493 1852 594 1887 quam
620 1852 661 1877 ex
688 1841 829 1877 aliorum
853 1841 1003 1888 negotiis
1028 1842 1075 1876 rei
1102 1841 1256 1887 publicae
1282 1845 1461 1877 venturum
1482 1851 1562 1876 ,esse
1580 1851 1694 1886 spera-

105 1896 161 1931 bat
187 1896 275 1943 (Iug.
302 1898 336 1940 4,
362 1900 409 1941 4).
461 1898 558 1941 Quod
584 1902 622 1933 ut
642 1901 849 1944 praestaret,
888 1909 967 1933 cum
1000 1898 1036 1933 in
1066 1899 1167 1934 bonis
1202 1900 1352 1934 moribus
1377 1898 1439 1933 niti
1465 1899 1513 1933 rei
1539 1896 1694 1941 publicae

105 1953 249 1990 salutem
274 1955 339 1991 sibi
365 1956 600 2002 persuasisset,
628 1958 809 2002 antequam
835 1967 922 2002 quae
948 1956 1139 2002 quibusque
1174 1959 1271 2003 gesta
1301 1956 1370 1991 sint
1403 1955 1612 2001 temporibus
1638 1965 1696 1990 ex-

103 2015 255 2056 poneret,
282 2013 341 2058 qui
366 2023 485 2049 eorum
511 2014 636 2049 fuerint
661 2023 772 2049 mores
792 2014 962 2059 exposuit.
1015 2013 1125 2057 Quare
1151 2014 1266 2049 nescio
1299 2025 1341 2048 an
1366 2013 1505 2059 gravius
1538 2013 1572 2047 in
1598 2011 1695 2048 Salu-

104 2067 206 2104 stium
233 2069 389 2106 consulat
414 2070 524 2106 Munk
550 2070 599 2116 (1²
623 2081 655 2116 p.
683 2070 783 2117 389),
810 2081 888 2106 cum
915 2071 955 2114 ei,
991 2072 1082 2117 quod
1108 2081 1215 2117 aequo
1248 2070 1325 2117 plus
1349 2070 1506 2105 tribuerit
1532 2069 1693 2110 moribus,

105 2127 303 2172 exprobrat3
330 2139 399 2164 non
425 2130 516 2164 enim
537 2129 706 2174 <privatam
734 2128 844 2164 solum
870 2129 930 2163 sed
956 2129 1059 2164 etiam
1086 2128 1256 2174 publicam
1283 2129 1407 2163 civium
1426 2128 1531 2162 vitam
1548 2136 1692 2172 eamque

104 2184 317 2227 potissimum
346 2186 498 2222 moribus
524 2186 792 2232 comprehendit.

216 2241 339 2288 Neque
364 2245 497 2279 tantum
522 2244 570 2279 rei
596 2243 750 2289 publicae
775 2244 952 2279 universae
977 2245 1037 2280 sed
1063 2244 1163 2279 etiam
1190 2243 1399 2289 singulorum
1426 2242 1551 2277 civium
1577 2252 1693 2277 amore

105 2298 138 2331 et
161 2309 241 2335 suae
266 2300 395 2347 gloriae
420 2300 531 2336 studio
557 2301 722 2337 adductus
749 2304 800 2337 est
825 2300 992 2337 Salustius
1017 2304 1055 2336 ut
1080 2312 1134 2336 res
1168 2302 1280 2346 gestas
1313 2300 1484 2336 scriberet.
1537 2299 1629 2335 Nam
1653 2301 1694 2334 ut

105 2357 272 2393 maiorum
297 2359 514 2405 imaginibus,
541 2360 588 2394 ita
612 2360 776 2395 memoria
800 2370 915 2395 rerum
941 2362 1115 2406 gestarum
1143 2358 1439 2393 vehementissime
1473 2358 1599 2392 civium
1625 2357 1696 2393 ani-

102 2422 180 2449 mos
206 2416 345 2452 accendi
371 2416 522 2461 putabat,
549 2427 661 2462 neque
686 2418 780 2462 prius
806 2417 916 2452 sedari
942 2428 1017 2451 eam
1042 2417 1189 2457 flamam,
1217 2426 1320 2460 quam
1346 2416 1508 2450 virtutem
1525 2415 1695 2450 maiorum

106 2471 205 2517 atque
230 2471 375 2520 gloriam
402 2474 615 2519 aequavisset
640 2473 728 2521 (lug.
755 2475 787 2516 4,
815 2474 846 2509 5.
873 2475 921 2516 6),
948 2476 982 2508 et
1007 2474 1035 2508 is
1061 2473 1199 2508 demum
1225 2473 1337 2508 vivere
1363 2473 1393 2508 ei
1419 2473 1612 2509 videbatur.
1640 2472 1697 2517 qui

106 2521 216 2574 aliquo
241 2529 379 2577 negotio
405 2532 556 2567 intentus
586 2531 751 2577 praeclari
777 2531 933 2566 facinoris
960 2533 1018 2565 aut
1042 2530 1156 2565 artis
1173 2530 1314 2566 bonae
1333 2530 1492 2567 famam
1511 2533 1697 2576 quaerat

102 2582 191 2628 .(Gat.
219 2587 253 2630 2,
279 2589 327 2632 9).
378 2589 463 2625 Arte
487 2588 582 2627 enim
607 2588 696 2624 bona
722 2598 801 2624 cum
828 2598 966 2625 omnem
991 2587 1040 2623 rei
1066 2586 1159 2624 utilis
1185 2591 1218 2623 et
1243 2587 1416 2631 honestae,
1450 2588 1521 2625 viro
1546 2587 1695 2635 ingenuo
