1835 2802
139 82 143 89 .

97 142 258 187 parentes
284 145 341 178 aut
366 146 488 189 parvos
513 143 638 180 liberos
663 142 812 179 militum
838 129 978 179 sedibus
1003 141 1164 189 pellebat,
1203 142 1289 180 nihil
1322 143 1423 190 pensi
1442 143 1568 190 ‘neque

97 196 263 239 ¹¹⁸beb⁸h
303 200 414 244 quoad
449 202 557 235 semet
581 200 663 245 ipsa·
689 200 924 245 praecipitavit
956 199 1047 245 (lug.
1073 200 1117 235 41
1146 202 1179 235 ot
1204 201 1278 243 42).
1330 200 1564 244 Nobibilitatis
1595 201 1700 257 {gaug

98 255 287 302 potentiam
313 258 347 292 et
372 257 549 293 avaritiam
583 259 619 293 et
654 256 850 303 superbiam
888 256 1102 304 praecipuam
1130 257 1283 293 omnium
1315 257 1538 301 miseriarum,
1576 257 1700 304 quibus
1741 253 1804 320 ’τῖἸῩ

99 317 173 350 tum
199 315 456 359 opprimebatur
481 315 683 361 respublica,
710 321 847 350 causam
873 318 908 351 et
933 315 1100 361 originem
1126 316 1229 351 fuisse
1255 316 1391 352 indicat.

215 369 338 417 Neque
365 375 480 408 tamen
506 375 609 419 negat
635 371 806 418 populum
841 372 1034 408 libertatem
1073 373 1107 408 in
1145 372 1333 409 lubidinem
1366 374 1527 415 vortisse,
1565 344 1702 419 plebem

100 429 239 465 omnino
266 433 423 465 cunctam
450 438 613 465 novarum
647 440 761 465 rerum
799 430 911 465 studio
950 429 1114 465 Catilinae
1153 431 1289 476 incepta
1326 430 1487 476 probasse
1524 429 1615 477 (Cat.
1641 430 1699 473 37,

100 488 116 522 l
145 488 257 532 sqq.)‚
300 486 459 522 homines
495 489 637 533 egentes
675 487 774 522 malis
817 487 968 522 moribus
1005 488 1155 522 maxima
1195 498 1255 533 spe
1288 488 1338 523 rei
1362 487 1517 533 publicae
1542 488 1636 524 iuxta
1660 497 1700 524 ac

101 543 164 578 sibi
191 543 405 579 consuluisse
433 543 518 589 (Cat.
545 545 603 586 37,
631 545 679 588 8).
732 544 824 588 Quos
855 554 933 579 cum
964 543 1122 580 nobilitas
1157 545 1371 591 assignandis
1403 546 1497 591 agris
1530 555 1573 581 ex
1604 544 1702 580 malis

100 602 208 637 bonos
236 602 326 637 cives
352 602 493 638 reddere
518 605 636 648 posset
662 602 801 648 quidem
836 602 898 637 sed
934 601 1057 645 nollet,
1095 603 1167 648 ipsa
1192 602 1349 638 nobilitas
1388 606 1425 639 ut
1461 605 1533 639 erat
1568 602 1702 649 perdita
1762 633 1765 636 .
1799 624 1800 627 =

100 661 136 693 et
161 660 299 704 angusti
325 660 429 694 animi
456 663 490 695 et
515 660 609 705 parvi
636 659 783 694 Salustio
809 661 1023 705 desperanda
1049 661 1122 695 fuit.
1157 660 1267 704 Quare
1292 671 1360 695 non
1386 664 1438 695 est
1462 661 1698 702 dubitandum,

101 717 194 763 quin,
221 717 257 752 id
282 718 373 763 quod
399 717 478 753 inde
512 730 531 753 a
565 717 782 753 Grachorum
816 717 1039 754 seditionibus
1074 718 1232 754 omnibus
1267 718 1338 754 fere
1371 718 1590 764 popularibus
1624 728 1701 765 per-

102 785 238 810 suasum
268 777 349 817 erat,
378 786 446 810 non
473 786 575 821 posse
601 775 722 811 salvari
749 786 822 811 rem
848 775 1020 821 publicam
1056 776 1119 811 nisi
1146 783 1207 821 per
1232 777 1492 821 imperatorem,
1530 775 1700 812 Salustius

101 843 236 878 quoque
274 843 476 878 persuasum
514 833 674 869 habuerit
713 835 813 879 atque
852 832 1029 869 Caesarem
1069 834 1140 869 fore
1173 844 1253 869 eum
1290 834 1529 881 imperatorem
1563 835 1702 871 ineunte

101 893 213 927 aetate
246 891 462 928 intellexerit.
514 891 604 927 Nam
630 895 665 927 et
690 892 876 937 imperium
903 902 1039 938 semper
1064 892 1106 927 ad
1133 892 1299 938 optimum
1334 898 1504 939 quemque
1537 904 1558 929 a
1590 891 1702 928 minus

102 948 192 983 bono
219 949 394 984 transferri
422 952 455 983 et
473 948 653 984 Caesarem
681 960 758 984 eum
786 949 896 983 virum
923 950 1090 994 optimum
1117 960 1190 985 esse
1217 953 1430 996 cognoverat,
1457 951 1516 996 qui
1542 957 1613 985 rem
1640 960 1702 995 pu-

102 1004 226 1042 blicam
253 1016 372 1041 sanare
397 1009 521 1052 posset.
574 1006 608 1041 Is
634 1007 725 1041 enim
752 1006 819 1041 iam
847 1017 866 1041 a
891 1006 1070 1052 principio,
1097 1007 1132 1041 id
1159 1007 1250 1052 quod
1268 1014 1369 1053 supra
1387 1008 1616 1053 exposuimus,
1643 1018 1702 1042 no-

102 1062 254 1105 bilitatis,
282 1063 466 1098 factionem
492 1063 705 1105 disturbavit,
732 1063 869 1109 plebem
902 1074 943 1098 ex
970 1064 1065 1110 gravi
1090 1064 1251 1100 servitute
1278 1065 1312 1099 in
1338 1064 1530 1100 libertatem
1555 1064 1704 1100 restituit

105 1122 172 1165 (ep.
198 1119 243 1155 Il.
271 1120 314 1155 ad
340 1119 434 1155 Caes.
461 1122 494 1162 2,
521 1121 569 1162 4),
598 1121 632 1155 in
658 1121 892 1155 coniuratione
918 1119 1081 1156 Catilinae
1107 1122 1195 1156 bona
1218 1121 1434 1167 popularium
1459 1120 1601 1156 consilia
1625 1132 1702 1167 pro-

102 1177 180 1212 tulit
205 1176 292 1216 (Cat.
320 1177 391 1220 51),
421 1176 537 1213 consul
565 1178 656 1212 cives
682 1178 773 1224 agris
807 1177 1051 1213 distribuendis
1084 1177 1243 1213 meliores
1278 1179 1420 1214 reddere
1446 1177 1569 1219 voluit,
1608 1178 1702 1213 domi

103 1234 313 1280 militiaeque
336 1238 409 1270 tam
436 1234 609 1281 praeclara
634 1235 782 1270 facinora
818 1235 914 1276 fecit,
951 1238 988 1270 ut
1012 1246 1055 1270 ne
1081 1236 1209 1270 inimici
1235 1236 1373 1281 quidem
1399 1236 1495 1282 queri
1520 1236 1703 1281 quicquam

104 1292 287 1335 auderent,
329 1293 394 1328 nisi
420 1293 463 1329 de
490 1293 563 1328 eius
590 1293 831 1339 magnitudine
846 1294 883 1339 ¹).
936 1294 983 1328 At
1017 1294 1149 1340 regium
1188 1304 1292 1341 prope
1331 1294 1401 1330 fore
1439 1293 1521 1329 illud
1552 1292 1705 1329 Caesaris

103 1351 298 1397 imperium,
324 1351 436 1397 regias
461 1351 533 1386 eius
559 1350 750 1386 voluntates
763 1351 790 1396 ²)
818 1361 930 1397 neque
956 1350 1123 1386 Salustius
1148 1362 1259 1397 neque
1282 1352 1388 1388 ceteri
1414 1351 1570 1387 Caesaris
1595 1362 1705 1387 assec-

105 1410 231 1443 tatores
256 1410 468 1454 putaverant.
520 1408 601 1444 Fuit
638 1408 742 1455 igitur
780 1408 949 1444 Salustius
988 1411 1024 1443 ut
1062 1409 1096 1444 in
1135 1409 1203 1444 vita
1241 1409 1288 1444 ita
1321 1409 1360 1444 =in
1400 1409 1537 1454 scriptis
1574 1408 1705 1454 patriae

29 1498 35 1501 ,
104 1466 367 1507 amantissimus
407 1477 510 1511 quam
548 1477 615 1511 quo
654 1466 756 1502 modo
797 1469 914 1512 posset
951 1469 1103 1502 san-atam
1141 1468 1241 1512 atque
1276 1468 1444 1502 servatam
1478 1476 1552 1502 esse
1586 1465 1701 1501 voluit.

104 1523 225 1569 Itaque
251 1533 330 1558 cum
356 1523 391 1558 in
417 1525 538 1558 senatu
564 1522 853 1568 optimatibusque
872 1524 940 1558 non
958 1533 1033 1558 eam
1052 1534 1126 1558 esse
1140 1524 1248 1558 animi
1267 1523 1539 1568 magnitudinem
1557 1522 1704 1564 vidisset,

105 1592 173 1617 uon
199 1591 258 1617 eos
283 1591 396 1616 mores
423 1581 541 1623 bonos,
569 1581 693 1627 quibus
719 1580 831 1616 sanari
857 1583 973 1627 posset
1005 1591 1059 1616 res
1094 1579 1247 1627 publiea,
1288 1591 1425 1617 omnem
1458 1591 1555 1626 spem
1583 1578 1707 1616 :salutis

104 1639 140 1675 in
167 1639 310 1683 Caesare
337 1638 627 1684 popularibusque
653 1639 778 1684 posuit.
832 1637 927 1682 Quae
953 1649 1031 1684 spes
1057 1639 1114 1673 ubi
1141 1648 1219 1673 eum
1246 1638 1380 1679 fefellit,
1401 1649 1479 1673 cum
1512 1648 1623 1683 neque
1648 1648 1707 1683 po-

105 1696 239 1743 pulares
273 1695 472 1731 melioribus
503 1696 656 1732 moribus
690 1698 806 1731 essent
840 1707 944 1742 quam
970 1696 1152 1742 optimates
1185 1698 1219 1731 et
1244 1695 1396 1731 Caesaris
1422 1695 1556 1731 animus
1581 1693 1704 1730 insole-

107 1757 218 1791 sceret
242 1754 276 1789 ‘m
303 1754 503 1800 superbiam
534 1764 599 1799 per
622 1754 797 1789 licentiam
832 1757 866 1789 et
899 1754 933 1789 in
960 1753 1230 1789 dominationem
1256 1764 1293 1789 se
1317 1755 1529 1788 converteret
1554 1751 1646 1798 (Cat.
1673 1753 1707 1793 6,

107 1812 138 1847 7.
167 1812 198 1853 7,
225 1812 262 1856 2)
289 1811 438 1857 denique
463 1811 499 1846 in
525 1811 637 1847 medio
665 1822 767 1857 opere
793 1814 904 1847 morte
939 1811 1212 1857 praeveniretur,
1252 1822 1270 1846 a
1306 1822 1343 1846 re
1380 1809 1515 1855 publica
1554 1811 1706 1844 remotus

105 1881 222 1906 rerum
248 1872 425 1915 gestarum
451 1869 617 1904 memoria
642 1880 719 1904 eam
744 1869 930 1904 sanandam
953 1871 1054 1914 atque
1072 1869 1340 1904 conservandam
1358 1868 1516 1913 suscepit.
1544 1866 1707 1913 Sperabat

107 1927 199 1963 enim
242 1927 412 1962 bonorum
442 1937 576 1961 morum
612 1926 730 1961 laude.
774 1926 942 1961 malorum
978 1926 1202 1972 castigatione
1236 1936 1271 1960 se
1306 1935 1406 1970 posse
1440 1925 1530 1959 cives
1563 1924 1710 1959 excitare

106 1986 149 2021 ad
175 1984 310 2020 virtutis
337 1984 499 2019 studium.

175 2088 284 2144 Cap.
315 2088 400 2135 111.
457 2088 586 2141 Quid
617 2088 676 2132 de
706 2099 867 2131 rerum
897 2088 1140 2144 gestarum
1176 2086 1401 2131 memoria
1430 2085 1635 2130 senserit

777 2154 1048 2198 Salustius?

223 2234 271 2270 Vt
296 2234 330 2269 in
357 2235 460 2270 rebus
486 2234 609 2269 divinis
651 2235 685 2268 et
711 2232 870 2268 humanis
904 2232 951 2267 ita
985 2232 1020 2267 in
1053 2242 1199 2268 rerum
1227 2233 1456 2278 gestarum
1488 2231 1711 2266 memo-ria

108 2292 257 2329 Salustio
282 2302 393 2338 neque
421 2303 500 2327 cum
526 2291 724 2336 aequalibus
753 2297 865 2336 neque
893 2301 970 2325 cum
996 2290 1168 2336 prioribus
1193 2289 1415 2335 scriptoribus
1441 2288 1604 2323 Romanis
1630 2299 1710 2324 con-

108 2350 212 2386 venit.
265 2349 400 2386 Priores
428 2350 519 2385 enim
547 2349 730 2395 scriptores
756 2348 920 2390 historici,
949 2348 1105 2394 quamvis
1131 2357 1192 2393 pro
1219 2347 1383 2392 culusque
1410 2346 1545 2392 ingenio
1571 2348 1605 2382 et
1623 2348 1708 2382 tem-

108 2419 189 2455 pore
217 2408 306 2443 inter
333 2419 369 2443 se
396 2407 583 2449 differrent,
612 2418 730 2442 omnes
756 2409 872 2442 tamen
898 2406 1001 2442 ieiuni
1026 2406 1189 2452 quiddam
1217 2408 1250 2441 et
1276 2404 1363 2440 exile
1389 2404 1613 2446 sectabantur,
1643 2410 1710 2440 'ne-

109 2476 175 2511 que
201 2465 385 2511 quicquam
413 2468 546 2510 praeter
572 2465 699 2499 nudam
726 2468 921 2510 temporum
948 2464 1126 2499 hominum
1152 2463 1304 2498 locorum
1325 2464 1572 2508 gestarumque
1597 2465 1710 2496 rerum

227 2591 250 2626 ²)
270 2598 315 2626 ep.
337 2589 376 2618 11.
397 2588 436 2618 ad
457 2589 539 2618 caes.
561 2589 586 2622 2,
607 2590 625 2617 4
646 2590 681 2616 cf.
703 2588 739 2617 de
760 2588 820 2617 vita.
840 2597 867 2625 p.
890 2589 935 2618 22.

226 2638 251 2675 ¹)
272 2637 308 2668 cf.
331 2637 396 2674 Cat.
418 2638 445 2675 6,
467 2638 492 2667 7.
514 2638 541 2674 7,
562 2637 589 2674 2,
609 2636 671 2674 Ing.
695 2636 759 2674 113,
781 2637 808 2667 2.
