1835 2802
33 85 37 92 ¹
47 87 53 96 ι
68 77 119 98 ''affe“
185 91 192 98 ,-

16 108 60 125 2«
151 96 174 122 Τ
196 100 198 103 ’

1 154 34 182 ,Α
92 143 206 185 m
228 124 326 182 &1301
349 130 674 179 animi'ingentibus
698 131 860 178 negottiis
885 136 956 178 par,
983 139 1022 167 eo
1048 129 1167 173 acrior,
1193 136 1261 176 quo
1286 139 1445 166 somnum
1470 130 1506 166 et
1521 128 1684 167 inertiam

94 187 283 235 ostentabat
309 189 402 236 (Tac.
429 188 508 224 aim.
535 189 569 232 3,
595 188 653 231 30,
679 188 721 224 cf.
750 189 781 231 l,
806 189 839 225 6.
866 188 899 231 2,
925 188 999 234 40).

0 246 8 268 ³
203 246 381 295 Expositis
405 246 511 294 igitur
535 245 783 291 antiquissimis
808 246 851 281 de
876 243 1003 281 Salusti
1027 245 1178 281 moribus
1213 244 1418 281 testimoniis
1455 245 1491 279 id
1528 242 1684 280 effecisse

93 308 180 352 mihi
204 305 333 348 videor,
360 305 399 339 ut
425 302 553 339 Salusti
577 313 691 339 mores
719 313 831 349 neque
855 302 1014 338 meliores
1039 313 1151 349 neque
1176 303 1363 338 deteriores
1396 302 1424 336 si
1456 313 1525 337 non
1550 301 1684 338 Cicero-

95 367 148 410 nis
172 365 231 406 aut
255 361 395 398 Gatonis
410 361 436 406 1)
464 362 499 396 81
536 359 760 407 plurimorum
796 362 912 396 tamen
950 359 1142 406 aequalium
1177 360 1331 396 moribus
1368 358 1474 395 fuisse
1511 360 1682 405 appareat.

94 423 180 477 Quin
213 420 317 462 etiam
354 418 471 460 Cicero
506 418 695 458 Salustium
719 429 788 454 non
812 418 940 454 maiore
965 418 1104 464 negotio
1128 429 1273 464 purgare
1303 417 1414 463 potuit
1447 428 1486 453 ea
1521 417 1682 460 oratione,

94 489 195 528 quam
219 488 281 524 pro
307 475 422 513 Caelio
445 475 575 519 habuit,
601 486 706 522 quam
730 485 888 512 accusare
912 475 1177 522 interrogatione
1201 474 1426 511 inVatinium
1444 473 1497 509 vel
1512 473 1683 511 Pisonem.

92 538 220 574 Verum
245 537 283 574 ut
305 544 407 570 nemo
433 545 513 570 eum
537 535 709 579 purgaret,
736 544 854 569 omnes
878 533 949 569 fere
974 533 1187 575 incusarent,
1226 533 1356 568 factum
1388 542 1463 567 esse
1497 533 1580 577 puto
1605 542 1684 568 cum

93 593 241 642 partium
279 591 400 632 studiis
437 593 511 626 tum
545 590 683 636 privatis
708 590 905 625 inimicitiis.
955 590 1115 626 Accessit
1152 590 1227 625 eius
1262 590 1297 624 in
1335 589 1471 634 scriptis
1509 588 1682 629 severitas,

94 662 198 698 quam
223 660 242 685 a
266 649 413 691 Lenaeo,
440 647 559 691 Gellio,
586 647 697 684 Dione
721 650 873 683 notatam
898 658 972 683 esse
996 647 1272 685 memoravimus.
1323 646 1368 682 Et
1406 657 1482 682 eam
1515 646 1624 691 ipsam
1649 645 1685 681 in

99 718 198 749 causa
222 705 328 747 fuisse
352 706 447 751 put0,
475 715 535 740 cur
559 704 703 744 seriores
730 704 793 749 (sic
817 704 912 739 Kritz
937 704 1021 749 prol.
1048 715 1079 749 p.
1107 704 1148 750 9)
1186 704 1376 748 scriptores,
1404 703 1464 748 qui
1488 714 1508 737 a
1532 703 1684 747 partium

99 764 220 804 studiis
244 762 454 810 privatisque
479 762 667 802 inimicitiis
693 764 807 798 essent
830 761 965 805 remoti,
1005 761 1199 809 graviorem
1223 762 1339 797 tamen
1364 760 1407 796 de
1433 759 1558 797 Salusti
1582 759 1687 797 mori-

1648 0 1697 18 ·‘2'2
1714 0 1774 21 :scs

1738 20 1751 28 ψ

1625 19 1684 62 ss
1700 40 1702 43 f
1721 32 1729 41 -·
1744 38 1746 40 -

1732 68 1734 71 .
1752 82 1764 95 ἕ
1786 71 1794 77 ᾖ

96 824 159 859 bus
183 821 312 856 ferrent
336 820 552 857 sententiam.
603 820 799 855 Macrobius
825 819 914 854 enim
944 819 1029 864 (Sat.
1055 819 1100 855 H.
1119 819 1161 865 9)
1186 830 1265 854 eum
1291 818 1530 864 gravissimum
1556 817 1683 853 alienae
1757 808 1783 858 ,¹
1805 817 1824 854 ’.ἓ

93 878 245 919 luxuriae
269 877 523 924 obiurgatorem
548 878 583 913 et
607 887 785 913 censorem
804 875 1007 923 appellavit3
1031 876 1230 913 Lactantius
1258 875 1376 922 (instit.
1403 874 1470 910 div.
1490 875 1522 917 2,
1552 874 1607 917 12,
1624 874 1683 919 12)

96 947 173 972 eum
197 935 374 970 hominem
398 945 583 980 nequam
609 934 694 969 dixit
719 936 753 969 et
777 934 863 969 haec
887 934 1000 969 addit:
1032 934 1157 977 „Recte
1182 934 1211 968 si
1236 934 1284 968 ita
1308 933 1458 974 vixisset,
1485 934 1524 967 ut
1548 931 1682 967 locutus

94 994 164 1034 est;
190 991 328 1032 servivit
354 991 446 1029 enim
470 991 679 1032 foedissimis
704 990 934 1036 voluptatibus
959 1001 1124 1036 suamque
1149 991 1222 1036 ipse
1257 990 1462 1024 sententiam
1495 989 1583 1023 vitae
1609 999 1686 1034 pra-

38 1070 42 1073 *
95 1050 196 1087 vitate
223 1048 408 1086 dissolvit.“
439 1049 668 1096 Symmachus
695 1051 762 1096 (ep.
787 1049 820 1093 5,
848 1048 888 1096 9)
914 1060 993 1085 eum
1022 1048 1240 1095 „scriptorem
1276 1046 1354 1084 stilo
1379 1049 1513 1084 tantum
1538 1046 1683 1093 proban-

97 1108 197 1142 dum“
227 1107 328 1149 dicit3
367 1118 446 1141 nam
472 1118 607 1142 morum
633 1107 706 1141 eius
732 1107 856 1141 damna
880 1118 949 1141 non
974 1107 1096 1148 sinere,
1123 1109 1162 1141 ut
1187 1107 1229 1140 ab
1254 1106 1311 1140 illo
1337 1106 1488 1151 agendae
1513 1106 1602 1139 vitae
1627 1115 1686 1149 pe-

94 1166 184 1200 tatur
209 1163 399 1199 auctoritas
426 1163 501 1201 Nec
527 1163 640 1200 minus
665 1164 887 1200 vehementer
912 1163 949 1199 Τ.
976 1163 1184 1209 Pomponius
1201 1163 1335 1206 Laetus,
1362 1162 1485 1198 Joann.
1505 1161 1682 1208 Chrysost.

95 1221 237 1263 Soldus,
264 1221 387 1257 Petrus
412 1221 579 1263 Crinitus,
606 1232 724 1257 omnes
749 1222 904 1266 denique,
932 1222 990 1267 qui
1016 1224 1094 1257 ante
1120 1221 1274 1257 Oortium
1299 1221 1403 1257 vitam
1430 1220 1555 1256 Salusti
1580 1219 1686 1265 scrip-

97 1280 222 1321 serunt,
261 1288 399 1313 morum
424 1278 497 1319 eius
522 1280 557 1313 et
581 1278 785 1324 scriptorum
812 1278 1074 1323 discrepantiam
1099 1278 1403 1323 reprehenderunt.
1455 1277 1543 1321 Quin
1582 1277 1684 1313 etiam

96 1337 212 1371 nostra
236 1337 346 1371 aetate
371 1337 451 1371 sunt
476 1336 533 1381 qui
559 1336 685 1378 dicunt,
712 1335 786 1382 ipsa
810 1335 892 1370 vitia
910 1335 1034 1371 Salusti
1052 1336 1166 1371 minus
1184 1335 1248 1371 sibi
1265 1335 1372 1370 videri
1389 1334 1684 1381 reprehendenda,

95 1403 198 1439 quam
224 1393 316 1438 quod
341 1393 413 1428 eius
437 1393 506 1428 vita
531 1404 610 1428 cum
635 1393 769 1438 scriptis
795 1393 1014 1439 pugnaverit,
1057 1393 1148 1438 quod
1173 1392 1300 1428 alienae
1325 1393 1477 1428 luxuriae
1503 1395 1603 1437 atque
1629 1402 1687 1427 ne-

96 1450 220 1496 quitiae
244 1449 468 1497 gravissimus
493 1461 614 1486 censor
640 1452 741 1497 atque
771 1450 978 1498 obiurgator,
1008 1452 1103 1486 tanta
1121 1461 1198 1486 cum
1217 1450 1426 1496 turpitudine
1446 1450 1549 1485 vitam
1571 1449 1687 1496 egerit.

96 1507 225 1550 Quibus
249 1519 357 1553 pauca
382 1510 463 1543 sunt
486 1509 733 1554 respondenda.

208 1564 327 1610 Atque
352 1565 503 1611 primum
529 1565 587 1608 eis,
615 1565 674 1610 qui
700 1565 828 1607 dicunt,
871 1575 940 1600 non
966 1575 1007 1599 ex
1033 1575 1112 1600 vero
1138 1565 1243 1600 animi
1269 1565 1391 1600 affectu
1418 1564 1558 1600 fluxisse
1583 1563 1686 1606 illam,

96 1632 197 1667 quam
223 1622 259 1656 in
285 1632 324 1657 eo
350 1622 559 1657 admiramur
584 1622 787 1658 iudiciorum
814 1621 1048 1665 severitatem,
1088 1622 1148 1657 sed
1173 1624 1347 1668 tamquam
1374 1623 1489 1658 fucum
1516 1622 1687 1667 quendam

97 1678 276 1713 inductum
302 1689 376 1714 esse
402 1679 475 1715 eius
500 1680 647 1725 scriptis,
674 1690 742 1725 quo
760 1679 891 1714 facilius
916 1679 1098 1715 xerborum
1122 1680 1236 1715 sonitu
1263 1680 1356 1714 inani
1381 1680 1558 1725 obtegeret
1583 1679 1688 1714 facto-

99 1745 176 1772 rum
201 1735 327 1771 malam
351 1735 488 1779 famam,
515 1737 644 1782 optime
668 1736 847 1783 respondit
871 1736 967 1772 Kritz
994 1736 1091 1782 (prol.
1118 1747 1150 1782 p.
1182 1736 1259 1783 15):
1295 1737 1432 1773 videant
1456 1748 1499 1773 ne
1525 1736 1616 1782 quod
1640 1736 1689 1772 ita

95 1792 276 1837 probatum
301 1796 391 1837 eunt,
418 1794 487 1829 iam
511 1805 572 1840 pro
598 1794 738 1840 probato
763 1794 912 1830 habeant
948 1804 988 1829 ac
1025 1794 1128 1829 simul
1165 1805 1286 1840 parum
1326 1795 1512 1840 speciosam
1550 1805 1687 1830 causam

95 1850 274 1895 suspitioni
305 1862 384 1887 suae
408 1852 642 1897 praetendant.
694 1851 786 1887 Nam
810 1852 869 1897 qui
894 1851 1010 1887 fallere
1035 1852 1173 1887 student
1206 1862 1244 1887 ac
1269 1851 1459 1888 simulando
1485 1852 1612 1898 pariter
1637 1853 1687 1887 at-

96 1916 161 1952 que
186 1907 432 1945 dissimulando
458 1909 666 1951 criminibus,
705 1909 829 1955 quibus
865 1908 1030 1951 laborant,
1068 1919 1105 1944 se
1129 1919 1285 1955 purgare,
1324 1909 1367 1944 iis
1405 1908 1547 1944 artificio
1585 1909 1627 1944 ad
1651 1908 1688 1943 id

96 1966 284 2011 composito
310 1978 396 2014 opus
422 1969 474 2003 est
498 1966 644 2004 multum
669 1979 689 2003 a
713 1966 839 2002 Salusti
872 1966 1087 2013 simplicitate
1121 1966 1334 2010 abhorrente,
1374 1967 1469 2003 cuius
1502 1967 1594 2003 idem
1632 1968 1688 2002 est

96 2018 167 2066 per⁴
183 2023 273 2058 varia
297 2024 426 2069 scripta
451 2024 552 2067 calor,
578 2025 671 2060 idem
695 2022 822 2069 ubique
845 2023 1038 2059 honestatis
1063 2024 1211 2062 animus,
1247 2024 1333 2059 nihil
1357 2027 1395 2059 ut
1420 2024 1613 2069 quaesitum
1638 2024 1687 2059 vi-

97 2078 225 2123 deatur,
265 2081 326 2117 sed
363 2082 477 2120 omnia
513 2082 604 2120 dicta
641 2093 682 2118 ex
718 2082 821 2118 rebus
857 2081 942 2128 ipsis
978 2081 1176 2128 provenisse
1211 2083 1244 2117 et
1270 2092 1348 2118 cum
1373 2082 1474 2118 rebus
1499 2090 1689 2129 congruere

99 2139 268 2181 appareat.

210 2194 307 2239 Quod
332 2198 447 2237 autem
472 2196 507 2231 in
532 2196 584 2239 iis,
612 2207 699 2242 quae
724 2195 812 2243 (Oat.
839 2197 872 2239 3,
900 2196 932 2232 4.
958 2197 996 2240 5)
1034 2196 1076 2232 de
1114 2207 1150 2236 se
1187 2197 1261 2242 ipse
1298 2197 1398 2238 dicit,
1436 2197 1687 2234 consessionem

100 2249 216 2297 culpae
241 2256 460 2304 cognoscunt,
488 2264 592 2300 Quam
616 2264 735 2290 severa
758 2253 902 2289 aliorum
927 2264 1070 2289 censura
1094 2253 1222 2289 diluere
1247 2254 1423 2296 studuerit,
1449 2258 1523 2290 rem
1549 2254 1690 2300 quidem

22 2343 28 2348 .
104 2316 236 2353 augere,
263 2310 329 2352 sed,-
348 2321 418 2353 non
442 2310 532 2354 mihi
554 2310 712 2354 videntur
736 2322 859 2350 errare.
908 2311 1065 2351 Primum
1101 2310 1192 2348 enim
1228 2310 1285 2349 illa
1317 2311 1421 2348 verba
1445 2311 1547 2349 unice
1571 2311 1615 2349 ad
1639 2311 1689 2351 in-

53 2412 55 2414 ,
105 2364 233 2406 rudiam
256 2378 304 2409 ex,>
323 2369 597 2412 contentionibus
622 2369 772 2416 partium
797 2368 949 2405 civilium
974 2370 1091 2408 ortam,
1109 2370 1268 2414 spectare
1288 2379 1401 2414 neque
1435 2368 1504 2405 ulla
1529 2380 1571 2405 ex
1595 2372 1691 2415 parte

106 2420 157 2463 de.
172 2424 332 2468 moribus,
351 2426 551 2470 infirmitatis
575 2427 682 2475 accipi
707 2437 807 2473 posse
831 2427 888 2462 vix
920 2426 1006 2463 mihi
1043 2426 1235 2478 probaverit
1259 2426 1366 2463 Kritz.
1416 2425 1514 2465 Inest
1551 2427 1586 2462 in
1623 2426 1690 2464 iure
1724 2444 1725 2447 ¹
1798 2431 1814 2442 ²

96 2479 205 2520 verbis
229 2481 342 2529 aliqua
365 2495 509 2527 morum,
527 2485 705 2529 confessio,
732 2485 823 2521 inest
846 2485 949 2523 etiam
975 2484 1156 2525 excusatio.
1208 2483 1300 2520 Nam
1326 2484 1384 2520 ubi
1411 2485 1454 2522 ad
1478 2496 1557 2522 rem>
1578 2485 1689 2532 publi-

214 2612 238 2649 ι)
257 2611 441 2647 Maltebrun.
462 2616 543 2655 apud
562 2617 645 2648 Baln-
664 2616 702 2648 H.
723 2617 758 2648 L.
778 2616 829 2651 R:
848 2618 871 2653 ξ,
885 2615 991 2653 2314131.
1019 2661 1022 2664 Δ
