1835 2802
14 121 16 123 >
84 149 183 188 'inest
207 148 446 198 reprehensi03
473 149 579 187 immo
604 148 696 187 laudi
721 149 910 188 tribumda
925 156 1000 187 ease
1024 149 1173 189 Samio
1196 143 1392 199 prooemia,
1416 142 1545 200 quippo
1569 160 1595 200 q

94 208 178 256 quid
210 208 254 244 de
284 209 387 245 rebus
420 209 545 245 divinis
588 210 623 244 et
658 209 821 245 humanis
857 209 984 245 sentiat
1019 211 1187 256 exponat
1225 217 1339 247 mm
1377 212 1552 257 gestarum
1583 192 1695 248 ῶῃώὲ
1750 257 1758 260 b
1777 180 1784 217 :2

95 266 235 312 aperiat,
262 265 449 312 imaginem
476 266 575 312 quasi
600 266 790 308 adumbret,
817 277 920 312 supra
944 267 1163 312 exposuimus
1189 269 1236 313 (Ρ
1265 268 1320 304 19
1335 269 1370 304 Θ(
1393 267 1442 303 25
1466 266 1541 313 m)
1640 282 1643 284 .
1762 259 1773 292 ¹.

210 322 344 359 Eodem
372 323 443 359 fere
468 324 623 369 spectant
647 322 1013 371 digressionem.
1056 323 1148 361 Nam
1171 334 1253 361 cum
1277 335 1347 361 non
1371 324 1473 360 modo
1497 334 1554 360 res
1578 305 1696 372 gestas

95 381 327 428 miseramque
358 382 409 418 rei
433 381 590 428 publicae
615 381 846 418 conditionem
879 382 939 417 sed
970 382 1075 418 etiam
1106 393 1177 429 quo
1203 382 1334 419 facilius
1371 382 1579 425 emendaret,
1604 383 1695 420 unde
1722 387 1724 397 ³
1769 374 1773 378 “

95 450 137 475 ea
160 439 313 485 profecta
337 439 421 481 sint,
448 439 667 484 expositurus
693 441 793 481 esset,
822 449 878 474 res
905 439 1021 485 populi
1047 439 1194 476 Romani
1219 440 1299 476 inde
1324 440 1366 475 ab
1391 440 1511 475 Aenea
1543 440 1696 485 repetere

97 496 320 543 priorumque
345 498 496 532 aetatum
521 506 576 532 res
601 498 717 543 gestas
742 496 959 543 partiumque
984 497 1098 533 studia
1121 497 1240 544 paucis
1266 495 1426 545 colligere
1456 506 1595 543 necesse
1620 506 1697 535 esse

102 554 293 590 videbatur.
345 554 456 598 Quare
481 565 689 600 quamquam
715 564 783 589 non
809 556 862 589 est
885 555 1081 601 negandum
1107 555 1143 590 in
1165 554 1334 590 Catilinae
1358 554 1445 590 libro
1470 554 1575 590 nimis
1597 564 1696 601 saepe

100 612 306 658 interrumpi
332 611 573 654 narrationem,
601 622 720 647 omnes
745 613 860 647 tamen
885 611 1116 659 digressiones
1149 612 1230 648 vitio
1264 622 1332 648 non
1358 611 1512 649 dederim
1537 609 1696 649 salustio.

212 668 311 714 Quod
336 672 450 705 autem
476 669 596 715 Pomp.
617 669 749 716 Trogus
775 669 901 714 (lustin
918 669 976 711 38,
1003 672 1035 712 3,
1064 671 1123 713 11)
1149 670 1184 705 in
1202 669 1351 706 Salustio
1368 668 1590 715 reprehendit
1606 670 1697 715 quod

102 727 342 763 contiones
367 727 579 762 directas
605 738 666 773 pro
692 738 755 762 sua
778 727 931 762 oratione
957 728 1052 773 operi
1077 738 1140 763 suo
1165 727 1345 763 inserendo
1370 726 1534 763 historiae
1558 727 1699 763 modum

102 785 297 827 excesserit,
324 787 416 821 recte
443 785 674 831 reprehendit,
701 785 727 820 si
755 784 863 821 solam
888 785 1065 821 veritatem
1090 787 1231 831 spectat,
1270 786 1297 821 si
1323 785 1424 821 simul
1450 785 1553 823 etiam
1578 786 1696 827 artem,

102 843 217 878 nescio
243 853 285 878 an
312 842 444 877 iniuria.
497 842 592 877 Licet
617 843 709 877 enim
736 842 933 887 aptissimae
959 843 1027 877 sint
1052 843 1134 878 locis
1159 843 1381 888 temporibus,
1415 842 1567 878 moribus
1592 842 1698 877 sensi-

100 901 164 936 bus
192 911 310 936 eorum
336 900 527 937 hominum,
554 910 640 946 quos
665 899 843 945 loquentes
868 899 960 942 facit,
987 902 1101 935 tamen
1126 902 1206 935 sunt
1233 900 1333 936 fletae
1358 903 1401 943 et,
1442 899 1535 946 quod
1560 899 1698 946 quidem

101 959 143 993 de
171 957 337 993 Catilinae
362 954 402 992 et*
422 957 559 992 Catonis
586 957 793 992 orationibus
819 956 1029 1003 exploratum
1055 959 1108 993 est
1120 957 1169 1003 ⁵¹),
1209 957 1311 1004 longe
1349 958 1433 993 aliae
1465 967 1573 1003 quam
1611 967 1699 1002 quae

100 1015 239 1051 habitae
266 1017 355 1050 sunt.
384 1014 480 1049 Artis
506 1016 620 1050 autem
646 1014 829 1060 praecipua
853 1016 1076 1050 monumenta
1100 1025 1174 1050 esse
1200 1015 1242 1051 ab
1259 1015 1343 1061 ipsis
1361 1014 1558 1062 aequalibus
1575 1013 1692 1061 magni

100 1073 290 1115 aestimata,
318 1072 400 1108 illud
428 1075 630 1119 argumento
656 1074 726 1113 est,
765 1072 857 1118 quod
881 1075 934 1108 est
967 1072 1057 1118 apud
1082 1073 1293 1109 Frontonem
1318 1073 1389 1119 (ep.
1415 1073 1460 1108 II.
1498 1073 1545 1117 1),
1580 1072 1699 1110 Venti-

101 1131 196 1167 dium
223 1131 308 1166 fusis
335 1130 531 1178 fugatisque
556 1129 694 1166 Parthis
713 1130 843 1176 716s38
862 1130 905 1165 ad
923 1130 1100 1166 victoriam
1118 1141 1216 1166 suam
1232 1131 1495 1177 praedicandam
1513 1130 1700 1167 orationem

100 1202 120 1226 a
146 1189 182 1226 O.
210 1189 357 1226 Salustio
383 1192 574 1225 mutuatum
600 1199 685 1224 esse.
712 1188 803 1224 Nam
828 1189 919 1235 quod
945 1189 1075 1225 Seneca
1086 1189 1117 1235 ³)
1143 1189 1312 1225 orationes
1337 1188 1463 1225 Salusti
1480 1189 1515 1225 in
1532 1189 1700 1227 honorem

100 1247 322 1283 historiarum
348 1247 416 1293 legi
442 1247 534 1284 dicit.
549 1247 665 1288 ⁴homo
690 1246 867 1282 rhetorum
892 1257 987 1282 more
1005 1258 1126 1292 parum
1151 1246 1289 1292 elegans
1308 1259 1327 1282 a
1344 1258 1424 1282 vero
1450 1247 1575 1282 iudicio
1593 1256 1699 1292 aeque

101 1304 232 1340 alienus
257 1306 310 1339 est
335 1314 375 1339 ac
400 1304 606 1345 Licinianus,
634 1303 691 1349 qui
726 1305 772 1349 (p.
799 1304 847 1338 42
872 1304 927 1339 ed.
954 1304 1082 1350 Bonn.)
1107 1303 1293 1339 Salustium
1326 1315 1394 1339 non
1428 1306 1466 1339 ut
1499 1303 1701 1339 historicum

103 1362 165 1397 sed
191 1364 229 1396 ut
255 1363 423 1396 oratorem
449 1360 634 1407 legendum
660 1371 734 1395 esse
769 1363 874 1406 putat.
926 1361 1003 1396 Huc
1040 1361 1127 1397 adde
1166 1362 1257 1406 quod
1295 1361 1465 1398 orationes
1502 1360 1628 1399 mirum
1664 1360 1700 1394 in

106 1418 248 1454 modum
274 1418 404 1454 faciunt
429 1419 472 1453 ad
497 1428 553 1454 res
578 1417 726 1453 maiores
760 1416 989 1461 illustrandas,
1026 1417 1166 1453 consilia
1204 1418 1405 1464 aperienda,
1445 1418 1485 1453 ad
1513 1416 1700 1453 orationem

105 1476 304 1512 variandam
330 1477 431 1521 atque
458 1475 655 1510 ornandam.
706 1474 786 1510 Non
816 1475 920 1521 igitur
954 1474 1035 1510 vitio
1070 1475 1130 1510 sed
1162 1474 1254 1510 laudi
1280 1486 1337 1512 eas
1362 1475 1516 1511 dederim
1540 1474 1699 1510 Salustio.

217 1532 315 1568 Idem
341 1533 411 1567 fere
438 1533 480 1567 de
507 1531 725 1577 epistulis
751 1532 935 1567 dicendum
960 1534 1053 1578 puto,
1090 1542 1131 1567 ex
1157 1532 1281 1578 quibus
1307 1543 1427 1574 unam,
1463 1531 1555 1578 quod
1579 1529 1698 1566 maiori

102 1590 205 1627 etiam
231 1589 322 1626 laudi
348 1590 568 1626 tribuendum
594 1592 647 1625 est
664 1588 821 1633 Salustio,
849 1600 964 1625 veram
982 1600 1057 1626 esse
1085 1588 1296 1636 exploratum
1323 1592 1376 1626 est
1386 1590 1428 1637 ⁴),
1463 1588 1614 1636 reliquae
1645 1589 1702 1623 aut

103 1659 202 1684 verae
241 1659 317 1683 esse
356 1648 514 1682 videntur
555 1649 606 1691 (ut
641 1647 805 1693 epistulae
836 1658 855 1681 a
891 1646 1036 1682 Catilina
1070 1649 1105 1682 et
1137 1647 1302 1693 Pompeio
1339 1648 1382 1682 ad
1406 1649 1564 1684 senatum
1590 1646 1698 1685 datae.

105 1705 201 1742 Gonf.
229 1704 337 1741 Teuff.
365 1704 432 1740 Sal.
461 1716 494 1750 p.
523 1705 579 1747 19,
606 1704 655 1750 4),
683 1707 741 1739 aut
765 1704 812 1739 ita
837 1704 955 1747 fictae,
982 1707 1021 1739 ut
1045 1715 1216 1744 summam
1242 1704 1390 1740 habeant
1414 1702 1697 1750 probabilitatem.

103 1763 261 1809 Denique
291 1763 384 1808 quod
409 1762 443 1797 in
470 1773 612 1798 censum
637 1762 694 1796 dat
718 1761 810 1803 loca,
849 1764 1001 1803 montes,
1041 1761 1184 1797 flumina
1220 1764 1254 1797 et
1278 1762 1344 1797 hoe
1368 1772 1478 1808 genus
1503 1771 1645 1802 amoena
1669 1761 1703 1795 et

103 1820 193 1857 culta
202 1820 241 1864 ⁵),
269 1830 479 1866 quamquam
505 1830 607 1865 supra
632 1818 727 1854 Festi
753 1818 877 1854 Avieni
903 1818 1016 1854 verbis
1042 1818 1264 1861 laudavimus,
1299 1818 1462 1858 historiae
1489 1820 1604 1855 tamen
1631 1827 1703 1854 mo-

103 1879 186 1913 dum
211 1879 246 1913 in
272 1877 494 1912 historiarum
519 1876 658 1922 quidem
693 1875 788 1911 libris
820 1877 982 1911 transisse
1020 1875 1207 1912 Salustium
1246 1887 1286 1911 ex
1324 1875 1476 1922 reliquiis
1513 1874 1611 1911 facile
1649 1885 1703 1911 co-

103 1945 258 1971 mecerls

222 1991 412 2027 Videamus
437 2002 547 2033 nunc,
582 1991 617 2027 id
651 1991 743 2037 quod
774 1992 827 2026 est
852 1989 1016 2033 alterum,
1044 1990 1083 2025 in
1108 1989 1365 2026 elocutione
1391 1989 1473 2036 quid
1498 1990 1542 2026 sit
1566 1988 1704 2026 laudan-

103 2051 186 2085 dum
212 2049 294 2095 quid
319 2048 610 2094 vituperandum?

219 2107 337 2154 Atque
363 2105 569 2142 brevitas
594 2104 788 2141 Salustiana
813 2104 967 2142 omnium
994 2104 1064 2141 fere
1089 2114 1257 2141 consensu
1281 2103 1448 2142 laudatur.
1499 2102 1586 2142 Cum
1612 2102 1703 2146 enim

103 2165 213 2202 lactea
237 2164 295 2201 illa
329 2165 468 2201 ubertas
501 2166 536 2200 et
569 2163 704 2200 dicendi
738 2163 854 2210 copia,
894 2163 990 2198 cuius
1028 2165 1185 2199 auctores
1222 2162 1391 2210 imprimis
1425 2162 1634 2199 Hortensius
1671 2163 1705 2198 et

103 2223 221 2260 Cicero
246 2223 394 2264 fuerunt,
422 2223 457 2257 in
483 2222 556 2257 dies
582 2222 693 2268 magis
717 2222 934 2265 incresceret,
960 2223 1094 2256 tantum
1120 2221 1283 2256 orationis
1314 2221 1441 2261 flumen
1468 2222 1503 2257 et
1528 2219 1704 2255 circulato-

102 2281 189 2318 riam
215 2280 386 2327 quandam
413 2278 658 2316 volubilitatem
685 2278 834 2315 coercuit
860 2277 1038 2321 Salustius,
1066 2277 1162 2314 cuius
1187 2278 1304 2326 ingeni
1329 2277 1495 2325 asperitas
1521 2289 1541 2314 a
1558 2276 1704 2317 verbosa

223 2444 247 2481 ¹)
269 2443 331 2473 Cat
352 2443 456 2474 7—13.
479 2442 515 2474 18
535 2450 577 2480 sq.
598 2442 637 2474 38
656 2450 699 2480 sq.
721 2442 765 2473 53.
788 2441 851 2480 Iug.
873 2442 908 2472 41
931 2450 973 2479 sq.
1566 2451 1570 2455 ·

220 2493 244 2528 ²)
265 2500 302 2520 ex
321 2491 380 2521 Cic.
402 2499 456 2529 pro
475 2490 591 2520 Muren.
613 2492 659 2528 25,
680 2490 759 2519 Plut.
781 2490 840 2520 Cic.
862 2491 914 2526 143
936 2489 1038 2519 Cicero
1058 2489 1097 2518 ad
1118 2490 1180 2519 Λα.
1195 2488 1260 2521 exn
1287 2490 1335 2524 21.
1350 2488 1458 2519 ’,Τοιιίὶ
1476 2488 1539 2520 Sd.
1562 2496 1589 2526 p.
1613 2488 1657 2525 19,
1676 2487 1703 2515 4.

220 2540 244 2576 ²³)
265 2539 337 2570 Exc.
360 2538 488 2569 controv
507 2537 552 2567 ΠΙ
572 2537 666 2577 praef.
689 2538 707 2569 8
727 2546 755 2577 p.
777 2538 843 2569 397.

221 2589 243 2625 ⁴)
264 2588 328 2617 Cat.
351 2588 396 2617 44.
418 2586 485 2616 coll.
508 2586 566 2617 Cic.
587 2586 649 2616 Cat.
669 2586 722 2617 111.
743 2587 770 2623 5,
793 2587 836 2617 12.

221 2635 244 2673 ⁹)
266 2634 439 2666 Licinianus
459 2634 499 2666 1.l.
522 2633 619 2665 Teuff.
641 2633 773 2664 1,.’Β.Η.
793 2634 860 2671 204,
879 2634 898 2664 3
920 2633 988 2665 coll.
1008 2634 1074 2664 355.
1096 2634 1124 2664 5.
