<?xml version="1.0" encoding="UTF-8"?>
<!DOCTYPE html PUBLIC "-//W3C//DTD XHTML 1.0 Transitional//EN"
    "http://www.w3.org/TR/xhtml1/DTD/xhtml1-transitional.dtd">
<html xmlns="http://www.w3.org/1999/xhtml" xml:lang="en" lang="en">
 <head>
  <title>
</title>
<meta http-equiv="Content-Type" content="text/html;charset=utf-8" />
  <meta name='ocr-system' content='tesseract 3.04.00' />
  <meta name='ocr-capabilities' content='ocr_page ocr_carea ocr_par ocr_line ocrx_word'/>
</head>
<body>
  <div class='ocr_page' id='page_1' title='image "./4771784_0023.png"; bbox 0 0 1835 2802; ppageno 0'>
   <div class='ocr_carea' id='block_1_1' title="bbox 0 0 452 116">
    <p class='ocr_par' dir='ltr' id='par_1_1' title="bbox 0 0 452 116">
     <span class='ocr_line' id='line_1_1' title="bbox 0 0 452 116; baseline 0 2686"><span class='ocrx_word' id='word_1_1' title='bbox 0 0 452 116; x_wconf 95' lang='lat' dir='ltr'><strong> </strong></span> 
     </span>
    </p>
   </div>
   <div class='ocr_carea' id='block_1_2' title="bbox 68 141 1672 202">
    <p class='ocr_par' dir='ltr' id='par_1_2' title="bbox 3 117 1801 216">
     <span class='ocr_line' id='line_1_2' title="bbox 68 141 1672 202; baseline 0.018 -12.807"><span class='ocrx_word' id='word_1_2' title='bbox 3 151 286 202; x_wconf 52' lang='lat' dir='ltr'><strong>summis</strong></span> <span class='ocrx_word' id='word_1_3' title='bbox 336 150 530 190; x_wconf 67' lang='lat' dir='ltr'><strong>Salustium</strong></span> <span class='ocrx_word' id='word_1_4' title='bbox 544 150 660 199; x_wconf 58' lang='lat' dir='ltr'><strong>igtur</strong></span> <span class='ocrx_word' id='word_1_5' title='bbox 698 152 790 199; x_wconf 66' lang='lat' dir='ltr'><strong>quud</strong></span> <span class='ocrx_word' id='word_1_6' title='bbox 814 141 862 188; x_wconf 58' lang='lat' dir='ltr'><strong>ita</strong></span> <span class='ocrx_word' id='word_1_7' title='bbox 885 162 1024 191; x_wconf 78' lang='lat' dir='ltr'><strong>severus</strong></span> <span class='ocrx_word' id='word_1_8' title='bbox 1047 154 1082 188; x_wconf 74' lang='lat' dir='ltr'><strong>et</strong></span> <span class='ocrx_word' id='word_1_9' title='bbox 1106 152 1246 193; x_wconf 61' lang='lat' dir='ltr'><strong>*cerbus</strong></span> <span class='ocrx_word' id='word_1_10' title='bbox 1271 155 1323 189; x_wconf 56' lang='lat'><strong>⁶⁸*</strong></span> <span class='ocrx_word' id='word_1_11' title='bbox 1347 152 1383 188; x_wconf 63' lang='lat'><strong>5¹²</strong></span> <span class='ocrx_word' id='word_1_12' title='bbox 1407 151 1561 200; x_wconf 49' lang='lat' dir='ltr'><strong>mpm&#39;</strong></span> <span class='ocrx_word' id='word_1_13' title='bbox 1594 151 1672 188; x_wconf 53' lang='lat'><strong>¹³⁸⁰</strong></span> 
     </span>
    </p>
   </div>
   <div class='ocr_carea' id='block_1_3' title="bbox 8 206 1675 265">
    <p class='ocr_par' dir='ltr' id='par_1_3' title="bbox 8 206 1675 265">
     <span class='ocr_line' id='line_1_3' title="bbox 8 206 1675 265; baseline -0.002 -16"><span class='ocrx_word' id='word_1_14' title='bbox 8 208 15 249; x_wconf 71' lang='grc' dir='ltr'><strong>ζ’</strong></span> <span class='ocrx_word' id='word_1_15' title='bbox 85 214 204 265; x_wconf 63' lang='lat' dir='ltr'><strong>mque</strong></span> <span class='ocrx_word' id='word_1_16' title='bbox 220 210 315 248; x_wconf 82' lang='lat' dir='ltr'><strong>omni</strong></span> <span class='ocrx_word' id='word_1_17' title='bbox 339 210 520 257; x_wconf 76' lang='lat' dir='ltr'><strong>opprobrio</strong></span> <span class='ocrx_word' id='word_1_18' title='bbox 545 220 682 246; x_wconf 85' lang='lat' dir='ltr'><strong>merum</strong></span> <span class='ocrx_word' id='word_1_19' title='bbox 705 209 873 246; x_wconf 79' lang='lat' dir='ltr'><strong>malorum</strong></span> <span class='ocrx_word' id='word_1_20' title='bbox 896 209 1134 253; x_wconf 70' lang='lat' dir='ltr'>liberabimus,</span> <span class='ocrx_word' id='word_1_21' title='bbox 1169 221 1280 257; x_wconf 80' lang='lat' dir='ltr'><strong>neque</strong></span> <span class='ocrx_word' id='word_1_22' title='bbox 1304 206 1518 249; x_wconf 59' lang='lat' dir='ltr'><strong>simulantia</strong></span> <span class='ocrx_word' id='word_1_23' title='bbox 1541 210 1675 247; x_wconf 67' lang='lat' dir='ltr'><strong>incum-</strong></span> 
     </span>
    </p>
   </div>
   <div class='ocr_carea' id='block_1_4' title="bbox 84 267 1683 492">
    <p class='ocr_par' dir='ltr' id='par_1_4' title="bbox 84 267 1683 492">
     <span class='ocr_line' id='line_1_4' title="bbox 84 267 1683 315; baseline -0.001 -10"><span class='ocrx_word' id='word_1_24' title='bbox 84 273 214 314; x_wconf 71' lang='lat' dir='ltr'><strong>bimus,</strong></span> <span class='ocrx_word' id='word_1_25' title='bbox 247 268 318 305; x_wconf 79' lang='lat' dir='ltr'><strong>sed</strong></span> <span class='ocrx_word' id='word_1_26' title='bbox 340 270 380 311; x_wconf 84' lang='grc' dir='ltr'><strong>ιιι</strong></span> <span class='ocrx_word' id='word_1_27' title='bbox 410 268 447 303; x_wconf 85' lang='grc' dir='ltr'><strong>ιιι</strong></span> <span class='ocrx_word' id='word_1_28' title='bbox 480 267 597 303; x_wconf 84' lang='lat' dir='ltr'><strong>multis</strong></span> <span class='ocrx_word' id='word_1_29' title='bbox 632 268 680 303; x_wconf 75' lang='lat' dir='ltr'><strong>ita</strong></span> <span class='ocrx_word' id='word_1_30' title='bbox 704 268 740 303; x_wconf 90' lang='lat' dir='ltr'><strong>in</strong></span> <span class='ocrx_word' id='word_1_31' title='bbox 765 279 805 304; x_wconf 88' lang='lat' dir='ltr'><strong>eo</strong></span> <span class='ocrx_word' id='word_1_32' title='bbox 829 268 900 304; x_wconf 77' lang='lat' dir='ltr'><strong>veri</strong></span> <span class='ocrx_word' id='word_1_33' title='bbox 925 269 1063 307; x_wconf 82' lang='lat' dir='ltr'><strong>sensum</strong></span> <span class='ocrx_word' id='word_1_34' title='bbox 1087 278 1288 315; x_wconf 72' lang='lat' dir='ltr'><strong>oppressum</strong></span> <span class='ocrx_word' id='word_1_35' title='bbox 1315 269 1454 314; x_wconf 83' lang='lat' dir='ltr'><strong>quidem</strong></span> <span class='ocrx_word' id='word_1_36' title='bbox 1478 267 1683 314; x_wconf 74' lang='lat' dir='ltr'><strong>aliquandiu·</strong></span> 
     </span>
     <span class='ocr_line' id='line_1_5' title="bbox 86 320 1672 371; baseline -0.004 -5"><span class='ocrx_word' id='word_1_37' title='bbox 86 328 176 367; x_wconf 76' lang='lat' dir='ltr'><strong>vitiis</strong></span> <span class='ocrx_word' id='word_1_38' title='bbox 197 325 260 363; x_wconf 84' lang='lat' dir='ltr'><strong>sed</strong></span> <span class='ocrx_word' id='word_1_39' title='bbox 283 324 518 370; x_wconf 59' lang='lat' dir='ltr'><strong>interruptum</strong></span> <span class='ocrx_word' id='word_1_40' title='bbox 543 327 645 370; x_wconf 83' lang='lat' dir='ltr'><strong>atque</strong></span> <span class='ocrx_word' id='word_1_41' title='bbox 669 323 819 361; x_wconf 82' lang='lat' dir='ltr'><strong>validum</strong></span> <span class='ocrx_word' id='word_1_42' title='bbox 844 324 995 371; x_wconf 79' lang='lat' dir='ltr'><strong>viguisse</strong></span> <span class='ocrx_word' id='word_1_43' title='bbox 1019 335 1126 371; x_wconf 87' lang='lat' dir='ltr'><strong>eoque</strong></span> <span class='ocrx_word' id='word_1_44' title='bbox 1151 325 1388 365; x_wconf 75' lang='lat' dir='ltr'><strong>vehementius</strong></span> <span class='ocrx_word' id='word_1_45' title='bbox 1423 320 1562 361; x_wconf 76' lang='lat' dir='ltr'><strong>tandem</strong></span> <span class='ocrx_word' id='word_1_46' title='bbox 1595 334 1672 360; x_wconf 86' lang='lat' dir='ltr'><strong>eru—</strong></span> 
     </span>
     <span class='ocr_line' id='line_1_6' title="bbox 85 381 1673 435; baseline -0.001 -17"><span class='ocrx_word' id='word_1_47' title='bbox 85 387 193 435; x_wconf 66' lang='lat' dir='ltr'><strong>pisse,</strong></span> <span class='ocrx_word' id='word_1_48' title='bbox 227 392 296 429; x_wconf 87' lang='lat' dir='ltr'><strong>quo</strong></span> <span class='ocrx_word' id='word_1_49' title='bbox 321 381 450 418; x_wconf 79' lang='lat' dir='ltr'><strong>diutius</strong></span> <span class='ocrx_word' id='word_1_50' title='bbox 474 382 537 419; x_wconf 81' lang='lat' dir='ltr'><strong>sub</strong></span> <span class='ocrx_word' id='word_1_51' title='bbox 562 381 653 420; x_wconf 71' lang='lat' dir='ltr'><strong>vitiis</strong></span> <span class='ocrx_word' id='word_1_52' title='bbox 678 381 775 428; x_wconf 82' lang='lat' dir='ltr'><strong>quasi</strong></span> <span class='ocrx_word' id='word_1_53' title='bbox 799 381 961 425; x_wconf 78' lang='lat' dir='ltr'><strong>latuerat,</strong></span> <span class='ocrx_word' id='word_1_54' title='bbox 987 382 1266 419; x_wconf 77' lang='lat' dir='ltr'><strong>existimabimus.</strong></span> <span class='ocrx_word' id='word_1_55' title='bbox 1317 381 1415 427; x_wconf 84' lang='lat' dir='ltr'><strong>Quod</strong></span> <span class='ocrx_word' id='word_1_56' title='bbox 1451 381 1584 428; x_wconf 85' lang='lat' dir='ltr'><strong>planius</strong></span> <span class='ocrx_word' id='word_1_57' title='bbox 1617 390 1673 417; x_wconf 82' lang='lat' dir='ltr'><strong>co-</strong></span> 
     </span>
     <span class='ocr_line' id='line_1_7' title="bbox 84 438 1625 492; baseline -0.004 -13"><span class='ocrx_word' id='word_1_58' title='bbox 84 450 298 492; x_wconf 81' lang='lat' dir='ltr'><strong>gnoscemus,</strong></span> <span class='ocrx_word' id='word_1_59' title='bbox 326 440 384 476; x_wconf 90' lang='lat' dir='ltr'><strong>ubi</strong></span> <span class='ocrx_word' id='word_1_60' title='bbox 409 440 491 485; x_wconf 89' lang='lat' dir='ltr'><strong>quid</strong></span> <span class='ocrx_word' id='word_1_61' title='bbox 517 439 559 475; x_wconf 88' lang='lat' dir='ltr'><strong>de</strong></span> <span class='ocrx_word' id='word_1_62' title='bbox 584 438 829 485; x_wconf 82' lang='lat' dir='ltr'><strong>philosophicis</strong></span> <span class='ocrx_word' id='word_1_63' title='bbox 853 440 954 476; x_wconf 86' lang='lat' dir='ltr'><strong>rebus</strong></span> <span class='ocrx_word' id='word_1_64' title='bbox 979 440 1122 476; x_wconf 75' lang='lat' dir='ltr'><strong>senserit</strong></span> <span class='ocrx_word' id='word_1_65' title='bbox 1148 439 1315 476; x_wconf 70' lang='lat' dir='ltr'><strong>Salustius</strong></span> <span class='ocrx_word' id='word_1_66' title='bbox 1341 438 1625 485; x_wconf 77' lang='lat' dir='ltr'><strong>perspexerimus.</strong></span> 
     </span>
    </p>
   </div>
   <div class='ocr_carea' id='block_1_5' title="bbox 166 580 1592 705">
    <p class='ocr_par' dir='ltr' id='par_1_5' title="bbox 166 580 1592 705">
     <span class='ocr_line' id='line_1_8' title="bbox 166 580 1592 639; baseline -0.001 -9"><span class='ocrx_word' id='word_1_67' title='bbox 166 583 279 639; x_wconf 75' lang='lat' dir='ltr'><strong>cap.</strong></span> <span class='ocrx_word' id='word_1_68' title='bbox 308 582 362 630; x_wconf 87' lang='lat'><strong>11.</strong></span> <span class='ocrx_word' id='word_1_69' title='bbox 424 582 551 635; x_wconf 73' lang='lat' dir='ltr'><strong>Quid</strong></span> <span class='ocrx_word' id='word_1_70' title='bbox 581 582 639 632; x_wconf 73' lang='lat' dir='ltr'><strong>de</strong></span> <span class='ocrx_word' id='word_1_71' title='bbox 669 583 811 628; x_wconf 84' lang='lat' dir='ltr'><strong>rebus</strong></span> <span class='ocrx_word' id='word_1_72' title='bbox 843 582 1024 637; x_wconf 81' lang='lat' dir='ltr'><strong>divinis</strong></span> <span class='ocrx_word' id='word_1_73' title='bbox 1054 583 1103 626; x_wconf 90' lang='lat' dir='ltr'><strong>et</strong></span> <span class='ocrx_word' id='word_1_74' title='bbox 1132 581 1354 637; x_wconf 77' lang='lat' dir='ltr'><strong>humanis</strong></span> <span class='ocrx_word' id='word_1_75' title='bbox 1384 580 1592 638; x_wconf 70' lang='lat' dir='ltr'><strong>sepserit</strong></span> 
     </span>
     <span class='ocr_line' id='line_1_9' title="bbox 750 658 1023 705; baseline -0.011 0"><span class='ocrx_word' id='word_1_76' title='bbox 750 658 1023 705; x_wconf 68' lang='lat' dir='ltr'><strong>Salustius?</strong></span> 
     </span>
    </p>
   </div>
   <div class='ocr_carea' id='block_1_6' title="bbox 86 753 1684 1725">
    <p class='ocr_par' dir='ltr' id='par_1_6' title="bbox 86 753 1681 1373">
     <span class='ocr_line' id='line_1_10' title="bbox 197 753 1677 803; baseline -0.001 -13"><span class='ocrx_word' id='word_1_77' title='bbox 197 754 250 790; x_wconf 92' lang='lat' dir='ltr'><strong>De</strong></span> <span class='ocrx_word' id='word_1_78' title='bbox 275 754 344 790; x_wconf 81' lang='lat' dir='ltr'><strong>vita</strong></span> <span class='ocrx_word' id='word_1_79' title='bbox 368 756 403 792; x_wconf 84' lang='lat' dir='ltr'><strong>et</strong></span> <span class='ocrx_word' id='word_1_80' title='bbox 427 754 578 793; x_wconf 86' lang='lat' dir='ltr'><strong>moribus</strong></span> <span class='ocrx_word' id='word_1_81' title='bbox 604 754 640 790; x_wconf 81' lang='lat' dir='ltr'><strong>G.</strong></span> <span class='ocrx_word' id='word_1_82' title='bbox 669 755 792 796; x_wconf 75' lang='lat' dir='ltr'><strong>Salusti</strong></span> <span class='ocrx_word' id='word_1_83' title='bbox 820 755 901 790; x_wconf 84' lang='lat' dir='ltr'><strong>satis</strong></span> <span class='ocrx_word' id='word_1_84' title='bbox 934 754 1064 790; x_wconf 87' lang='lat' dir='ltr'><strong>dictum</strong></span> <span class='ocrx_word' id='word_1_85' title='bbox 1097 765 1170 789; x_wconf 85' lang='lat' dir='ltr'><strong>esse</strong></span> <span class='ocrx_word' id='word_1_86' title='bbox 1205 754 1355 789; x_wconf 74' lang='lat' dir='ltr'><strong>arbitror.</strong></span> <span class='ocrx_word' id='word_1_87' title='bbox 1408 753 1598 803; x_wconf 81' lang='lat' dir='ltr'><strong>DeincepS,</strong></span> <span class='ocrx_word' id='word_1_88' title='bbox 1640 756 1677 788; x_wconf 94' lang='lat' dir='ltr'><strong>ut</strong></span> 
     </span>
     <span class='ocr_line' id='line_1_11' title="bbox 90 810 1681 862; baseline -0.001 -13"><span class='ocrx_word' id='word_1_89' title='bbox 90 816 161 850; x_wconf 83' lang='lat' dir='ltr'><strong>erat</strong></span> <span class='ocrx_word' id='word_1_90' title='bbox 185 812 410 859; x_wconf 86' lang='lat' dir='ltr'><strong>propositum,</strong></span> <span class='ocrx_word' id='word_1_91' title='bbox 438 811 479 847; x_wconf 89' lang='lat' dir='ltr'><strong>de</strong></span> <span class='ocrx_word' id='word_1_92' title='bbox 505 812 577 847; x_wconf 89' lang='lat' dir='ltr'><strong>eius</strong></span> <span class='ocrx_word' id='word_1_93' title='bbox 602 812 739 862; x_wconf 85' lang='lat' dir='ltr'><strong>ingenio</strong></span> <span class='ocrx_word' id='word_1_94' title='bbox 778 815 812 847; x_wconf 83' lang='lat' dir='ltr'><strong>et</strong></span> <span class='ocrx_word' id='word_1_95' title='bbox 837 812 971 848; x_wconf 89' lang='lat' dir='ltr'><strong>dicendi</strong></span> <span class='ocrx_word' id='word_1_96' title='bbox 1004 822 1128 858; x_wconf 81' lang='lat' dir='ltr'>genere</span> <span class='ocrx_word' id='word_1_97' title='bbox 1162 811 1344 848; x_wconf 87' lang='lat' dir='ltr'><strong>dicendum</strong></span> <span class='ocrx_word' id='word_1_98' title='bbox 1379 814 1439 847; x_wconf 89' lang='lat' dir='ltr'><strong>est.</strong></span> <span class='ocrx_word' id='word_1_99' title='bbox 1491 810 1560 846; x_wconf 85' lang='lat' dir='ltr'><strong>Sed</strong></span> <span class='ocrx_word' id='word_1_100' title='bbox 1585 813 1681 857; x_wconf 79' lang='lat' dir='ltr'><strong>ante-</strong></span> 
     </span>
     <span class='ocr_line' id='line_1_12' title="bbox 88 863 1680 933; baseline -0.002 -27"><span class='ocrx_word' id='word_1_101' title='bbox 88 863 189 922; x_wconf 83' lang='lat' dir='ltr'><strong>quam</strong></span> <span class='ocrx_word' id='word_1_102' title='bbox 214 869 257 905; x_wconf 84' lang='lat' dir='ltr'><strong>ad</strong></span> <span class='ocrx_word' id='word_1_103' title='bbox 281 868 317 904; x_wconf 91' lang='lat' dir='ltr'><strong>id</strong></span> <span class='ocrx_word' id='word_1_104' title='bbox 342 868 454 933; x_wconf 81' lang='lat' dir='ltr'><strong>ipsum</strong></span> <span class='ocrx_word' id='word_1_105' title='bbox 480 868 649 912; x_wconf 79' lang='lat' dir='ltr'>accedam</span> <span class='ocrx_word' id='word_1_106' title='bbox 678 880 763 915; x_wconf 85' lang='lat' dir='ltr'><strong>quae</strong></span> <span class='ocrx_word' id='word_1_107' title='bbox 789 870 830 905; x_wconf 86' lang='lat' dir='ltr'><strong>de</strong></span> <span class='ocrx_word' id='word_1_108' title='bbox 856 869 957 905; x_wconf 87' lang='lat' dir='ltr'><strong>rebus</strong></span> <span class='ocrx_word' id='word_1_109' title='bbox 983 868 1106 905; x_wconf 86' lang='lat' dir='ltr'><strong>divinis</strong></span> <span class='ocrx_word' id='word_1_110' title='bbox 1140 871 1173 904; x_wconf 90' lang='lat' dir='ltr'><strong>et</strong></span> <span class='ocrx_word' id='word_1_111' title='bbox 1210 868 1369 908; x_wconf 86' lang='lat' dir='ltr'><strong>humanis</strong></span> <span class='ocrx_word' id='word_1_112' title='bbox 1402 867 1549 905; x_wconf 85' lang='lat' dir='ltr'><strong>senserit</strong></span> <span class='ocrx_word' id='word_1_113' title='bbox 1582 866 1680 904; x_wconf 88' lang='lat' dir='ltr'><strong>Salu-</strong></span> 
     </span>
     <span class='ocr_line' id='line_1_13' title="bbox 89 925 1677 975; baseline -0.002 -12"><span class='ocrx_word' id='word_1_114' title='bbox 89 928 182 969; x_wconf 88' lang='lat' dir='ltr'><strong>stius,</strong></span> <span class='ocrx_word' id='word_1_115' title='bbox 209 928 247 961; x_wconf 88' lang='lat' dir='ltr'><strong>ut</strong></span> <span class='ocrx_word' id='word_1_116' title='bbox 271 926 342 962; x_wconf 87' lang='lat' dir='ltr'><strong>fere</strong></span> <span class='ocrx_word' id='word_1_117' title='bbox 368 926 472 961; x_wconf 92' lang='lat' dir='ltr'><strong>moris</strong></span> <span class='ocrx_word' id='word_1_118' title='bbox 499 929 559 969; x_wconf 91' lang='lat' dir='ltr'><strong>est,</strong></span> <span class='ocrx_word' id='word_1_119' title='bbox 586 927 703 972; x_wconf 87' lang='lat' dir='ltr'><strong>paucis</strong></span> <span class='ocrx_word' id='word_1_120' title='bbox 729 938 905 973; x_wconf 86' lang='lat' dir='ltr'><strong>exponam.</strong></span> <span class='ocrx_word' id='word_1_121' title='bbox 956 926 1052 962; x_wconf 82' lang='lat' dir='ltr'>Licet</span> <span class='ocrx_word' id='word_1_122' title='bbox 1085 927 1176 962; x_wconf 91' lang='lat' dir='ltr'><strong>enim</strong></span> <span class='ocrx_word' id='word_1_123' title='bbox 1210 927 1396 975; x_wconf 84' lang='lat' dir='ltr'><strong>scriptores</strong></span> <span class='ocrx_word' id='word_1_124' title='bbox 1429 925 1582 965; x_wconf 77' lang='lat' dir='ltr'><strong>historiffl&#39;</strong></span> <span class='ocrx_word' id='word_1_125' title='bbox 1609 937 1677 961; x_wconf 91' lang='grc' dir='ltr'><strong>ιιοιι</strong></span> 
     </span>
     <span class='ocr_line' id='line_1_14' title="bbox 88 982 1678 1034; baseline -0.003 -14"><span class='ocrx_word' id='word_1_126' title='bbox 88 986 128 1020; x_wconf 88' lang='lat' dir='ltr'><strong>de</strong></span> <span class='ocrx_word' id='word_1_127' title='bbox 154 983 330 1026; x_wconf 81' lang='lat' dir='ltr'><strong>sententia,</strong></span> <span class='ocrx_word' id='word_1_128' title='bbox 358 983 449 1029; x_wconf 87' lang='lat' dir='ltr'><strong>quod</strong></span> <span class='ocrx_word' id='word_1_129' title='bbox 475 983 603 1024; x_wconf 81' lang='lat' dir='ltr'><strong>dieunt,</strong></span> <span class='ocrx_word' id='word_1_130' title='bbox 628 982 865 1034; x_wconf 76' lang='lat' dir='ltr'><strong>philosophiae</strong></span> <span class='ocrx_word' id='word_1_131' title='bbox 891 986 1073 1029; x_wconf 89' lang='lat' dir='ltr'><strong>praecepta</strong></span> <span class='ocrx_word' id='word_1_132' title='bbox 1098 984 1250 1024; x_wconf 78' lang='lat' dir='ltr'><strong>tradant,</strong></span> <span class='ocrx_word' id='word_1_133' title='bbox 1292 986 1406 1029; x_wconf 84' lang='lat' dir='ltr'><strong>tamen</strong></span> <span class='ocrx_word' id='word_1_134' title='bbox 1439 992 1481 1017; x_wconf 84' lang='lat' dir='ltr'><strong>ex</strong></span> <span class='ocrx_word' id='word_1_135' title='bbox 1514 983 1556 1017; x_wconf 90' lang='lat' dir='ltr'><strong>iis</strong></span> <span class='ocrx_word' id='word_1_136' title='bbox 1592 984 1678 1017; x_wconf 89' lang='lat' dir='ltr'><strong>tam-</strong></span> 
     </span>
     <span class='ocr_line' id='line_1_15' title="bbox 88 1033 1679 1089; baseline -0.001 -13"><span class='ocrx_word' id='word_1_137' title='bbox 88 1051 189 1087; x_wconf 87' lang='lat' dir='ltr'><strong>quam</strong></span> <span class='ocrx_word' id='word_1_138' title='bbox 215 1050 257 1076; x_wconf 85' lang='lat' dir='ltr'><strong>ex</strong></span> <span class='ocrx_word' id='word_1_139' title='bbox 282 1033 376 1078; x_wconf 84' lang='lat' dir='ltr'><strong>fonte</strong></span> <span class='ocrx_word' id='word_1_140' title='bbox 409 1039 519 1075; x_wconf 88' lang='lat' dir='ltr'><strong>omnis</strong></span> <span class='ocrx_word' id='word_1_141' title='bbox 556 1039 626 1076; x_wconf 83' lang='lat' dir='ltr'><strong>fere</strong></span> <span class='ocrx_word' id='word_1_142' title='bbox 661 1040 766 1076; x_wconf 86' lang='lat' dir='ltr'><strong>fluere</strong></span> <span class='ocrx_word' id='word_1_143' title='bbox 799 1040 884 1076; x_wconf 89' lang='lat' dir='ltr'><strong>solet</strong></span> <span class='ocrx_word' id='word_1_144' title='bbox 917 1051 1031 1076; x_wconf 76' lang='lat' dir='ltr'><strong>relum</strong></span> <span class='ocrx_word' id='word_1_145' title='bbox 1066 1040 1238 1082; x_wconf 84' lang='lat' dir='ltr'><strong>tractatio,</strong></span> <span class='ocrx_word' id='word_1_146' title='bbox 1278 1043 1315 1075; x_wconf 89' lang='lat' dir='ltr'><strong>ut</strong></span> <span class='ocrx_word' id='word_1_147' title='bbox 1352 1051 1462 1086; x_wconf 90' lang='lat' dir='ltr'><strong>neque</strong></span> <span class='ocrx_word' id='word_1_148' title='bbox 1500 1039 1679 1089; x_wconf 74' lang='lat' dir='ltr'><strong>ingenium</strong></span> 
     </span>
     <span class='ocr_line' id='line_1_16' title="bbox 86 1096 1680 1145; baseline -0.001 -11"><span class='ocrx_word' id='word_1_149' title='bbox 86 1108 195 1144; x_wconf 91' lang='lat' dir='ltr'><strong>neque</strong></span> <span class='ocrx_word' id='word_1_150' title='bbox 220 1096 355 1136; x_wconf 88' lang='lat' dir='ltr'><strong>dicendi</strong></span> <span class='ocrx_word' id='word_1_151' title='bbox 379 1107 488 1145; x_wconf 86' lang='lat' dir='ltr'><strong>genus</strong></span> <span class='ocrx_word' id='word_1_152' title='bbox 514 1097 602 1133; x_wconf 90' lang='lat' dir='ltr'><strong>iuste</strong></span> <span class='ocrx_word' id='word_1_153' title='bbox 628 1098 807 1135; x_wconf 86' lang='lat' dir='ltr'><strong>aestimare</strong></span> <span class='ocrx_word' id='word_1_154' title='bbox 833 1098 974 1144; x_wconf 80' lang='lat' dir='ltr'><strong>possint,</strong></span> <span class='ocrx_word' id='word_1_155' title='bbox 1001 1098 1066 1134; x_wconf 90' lang='lat' dir='ltr'><strong>nisi</strong></span> <span class='ocrx_word' id='word_1_156' title='bbox 1100 1098 1190 1134; x_wconf 87' lang='lat' dir='ltr'><strong>unde</strong></span> <span class='ocrx_word' id='word_1_157' title='bbox 1216 1098 1368 1145; x_wconf 81' lang='lat' dir='ltr'><strong>profecta</strong></span> <span class='ocrx_word' id='word_1_158' title='bbox 1400 1098 1468 1134; x_wconf 90' lang='lat' dir='ltr'><strong>sint</strong></span> <span class='ocrx_word' id='word_1_159' title='bbox 1493 1098 1579 1143; x_wconf 83' lang='lat' dir='ltr'><strong>bene</strong></span> <span class='ocrx_word' id='word_1_160' title='bbox 1601 1107 1680 1145; x_wconf 80' lang='lat' dir='ltr'><strong>per-</strong></span> 
     </span>
     <span class='ocr_line' id='line_1_17' title="bbox 89 1147 1677 1204; baseline -0.001 -13"><span class='ocrx_word' id='word_1_161' title='bbox 89 1155 269 1204; x_wconf 86' lang='lat' dir='ltr'><strong>spexerint.</strong></span> <span class='ocrx_word' id='word_1_162' title='bbox 321 1154 432 1199; x_wconf 83' lang='lat' dir='ltr'><strong>Quare</strong></span> <span class='ocrx_word' id='word_1_163' title='bbox 457 1155 581 1197; x_wconf 90' lang='lat' dir='ltr'><strong>miror,</strong></span> <span class='ocrx_word' id='word_1_164' title='bbox 620 1156 711 1201; x_wconf 87' lang='lat' dir='ltr'><strong>quod</strong></span> <span class='ocrx_word' id='word_1_165' title='bbox 736 1156 794 1202; x_wconf 88' lang='lat' dir='ltr'><strong>qui</strong></span> <span class='ocrx_word' id='word_1_166' title='bbox 820 1156 862 1191; x_wconf 87' lang='lat' dir='ltr'><strong>de</strong></span> <span class='ocrx_word' id='word_1_167' title='bbox 888 1155 957 1190; x_wconf 87' lang='lat' dir='ltr'><strong>vita</strong></span> <span class='ocrx_word' id='word_1_168' title='bbox 981 1158 1015 1191; x_wconf 88' lang='lat' dir='ltr'><strong>et</strong></span> <span class='ocrx_word' id='word_1_169' title='bbox 1039 1155 1175 1203; x_wconf 87' lang='lat' dir='ltr'><strong>scriptis</strong></span> <span class='ocrx_word' id='word_1_170' title='bbox 1209 1154 1246 1190; x_wconf 84' lang='lat' dir='ltr'><strong>C.</strong></span> <span class='ocrx_word' id='word_1_171' title='bbox 1275 1154 1399 1191; x_wconf 81' lang='lat' dir='ltr'><strong>Salusti</strong></span> <span class='ocrx_word' id='word_1_172' title='bbox 1434 1147 1677 1198; x_wconf 82' lang='lat' dir='ltr'><strong>disseruerunt,</strong></span> 
     </span>
     <span class='ocr_line' id='line_1_18' title="bbox 87 1211 1679 1259; baseline 0 -11"><span class='ocrx_word' id='word_1_173' title='bbox 87 1213 181 1255; x_wconf 86' lang='lat' dir='ltr'><strong>haec,</strong></span> <span class='ocrx_word' id='word_1_174' title='bbox 209 1222 295 1259; x_wconf 83' lang='lat' dir='ltr'><strong>quae</strong></span> <span class='ocrx_word' id='word_1_175' title='bbox 320 1211 445 1247; x_wconf 89' lang='lat' dir='ltr'><strong>summi</strong></span> <span class='ocrx_word' id='word_1_176' title='bbox 473 1223 549 1247; x_wconf 86' lang='lat' dir='ltr'><strong>esse</strong></span> <span class='ocrx_word' id='word_1_177' title='bbox 575 1213 739 1249; x_wconf 85' lang='lat' dir='ltr'><strong>momenti</strong></span> <span class='ocrx_word' id='word_1_178' title='bbox 765 1212 851 1249; x_wconf 91' lang='lat' dir='ltr'><strong>mihi</strong></span> <span class='ocrx_word' id='word_1_179' title='bbox 877 1213 1045 1256; x_wconf 88' lang='lat' dir='ltr'><strong>videntur,</strong></span> <span class='ocrx_word' id='word_1_180' title='bbox 1072 1214 1130 1248; x_wconf 86' lang='lat' dir='ltr'><strong>aut</strong></span> <span class='ocrx_word' id='word_1_181' title='bbox 1155 1212 1288 1248; x_wconf 88' lang='lat' dir='ltr'><strong>silentio</strong></span> <span class='ocrx_word' id='word_1_182' title='bbox 1313 1212 1582 1259; x_wconf 84' lang='lat' dir='ltr'><strong>praeterierunt,</strong></span> <span class='ocrx_word' id='word_1_183' title='bbox 1621 1215 1679 1259; x_wconf 81' lang='lat' dir='ltr'><strong>aut</strong></span> 
     </span>
     <span class='ocr_line' id='line_1_19' title="bbox 87 1264 1680 1316; baseline 0.001 -12"><span class='ocrx_word' id='word_1_184' title='bbox 87 1270 133 1305; x_wconf 88' lang='lat' dir='ltr'><strong>ita</strong></span> <span class='ocrx_word' id='word_1_185' title='bbox 157 1280 226 1305; x_wconf 90' lang='grc' dir='ltr'><strong>ιιοιι</strong></span> <span class='ocrx_word' id='word_1_186' title='bbox 250 1271 505 1312; x_wconf 89' lang='lat' dir='ltr'><strong>consenserunt,</strong></span> <span class='ocrx_word' id='word_1_187' title='bbox 532 1271 569 1304; x_wconf 91' lang='lat' dir='ltr'><strong>ut</strong></span> <span class='ocrx_word' id='word_1_188' title='bbox 595 1269 650 1304; x_wconf 91' lang='lat' dir='ltr'><strong>alii</strong></span> <span class='ocrx_word' id='word_1_189' title='bbox 677 1269 810 1312; x_wconf 79' lang='lat' dir='ltr'><strong>Stoicis,</strong></span> <span class='ocrx_word' id='word_1_190' title='bbox 838 1268 895 1305; x_wconf 86' lang='lat' dir='ltr'><strong>alii</strong></span> <span class='ocrx_word' id='word_1_191' title='bbox 920 1269 1113 1315; x_wconf 81' lang='lat' dir='ltr'><strong>Epicureis.</strong></span> <span class='ocrx_word' id='word_1_192' title='bbox 1153 1269 1209 1304; x_wconf 91' lang='lat' dir='ltr'><strong>alii</strong></span> <span class='ocrx_word' id='word_1_193' title='bbox 1242 1269 1356 1305; x_wconf 88' lang='lat' dir='ltr'><strong>nescio</strong></span> <span class='ocrx_word' id='word_1_194' title='bbox 1383 1269 1505 1316; x_wconf 82' lang='lat' dir='ltr'><strong>quibus</strong></span> <span class='ocrx_word' id='word_1_195' title='bbox 1531 1264 1680 1315; x_wconf 71' lang='lat' dir='ltr'><strong>philoso-</strong></span> 
     </span>
     <span class='ocr_line' id='line_1_20' title="bbox 88 1326 991 1373; baseline 0 -11"><span class='ocrx_word' id='word_1_196' title='bbox 88 1326 166 1372; x_wconf 88' lang='lat' dir='ltr'><strong>phis</strong></span> <span class='ocrx_word' id='word_1_197' title='bbox 192 1327 486 1362; x_wconf 85' lang='lat' dir='ltr'><strong>annumerandum</strong></span> <span class='ocrx_word' id='word_1_198' title='bbox 511 1336 586 1362; x_wconf 88' lang='lat' dir='ltr'><strong>esse</strong></span> <span class='ocrx_word' id='word_1_199' title='bbox 612 1326 798 1362; x_wconf 83' lang='lat' dir='ltr'><strong>Salustium</strong></span> <span class='ocrx_word' id='word_1_200' title='bbox 824 1329 991 1373; x_wconf 85' lang='lat' dir='ltr'><strong>putarent.</strong></span> 
     </span>
    </p>

    <p class='ocr_par' dir='ltr' id='par_1_7' title="bbox 87 1392 1684 1725">
     <span class='ocr_line' id='line_1_21' title="bbox 199 1392 1681 1444; baseline 0.001 -17"><span class='ocrx_word' id='word_1_201' title='bbox 199 1393 315 1438; x_wconf 87' lang='lat' dir='ltr'><strong>Atque</strong></span> <span class='ocrx_word' id='word_1_202' title='bbox 340 1392 535 1432; x_wconf 82' lang='lat' dir='ltr'><strong>Stoicorum</strong></span> <span class='ocrx_word' id='word_1_203' title='bbox 561 1392 887 1439; x_wconf 69' lang='lat' dir='ltr'><strong>magniloquentiam</strong></span> <span class='ocrx_word' id='word_1_204' title='bbox 913 1403 1031 1439; x_wconf 79' lang='lat' dir='ltr'><strong>sapere</strong></span> <span class='ocrx_word' id='word_1_205' title='bbox 1057 1393 1141 1428; x_wconf 86' lang='lat' dir='ltr'><strong>dicit</strong></span> <span class='ocrx_word' id='word_1_206' title='bbox 1166 1393 1310 1428; x_wconf 80' lang='lat' dir='ltr'><strong>Gerlach</strong></span> <span class='ocrx_word' id='word_1_207' title='bbox 1337 1393 1415 1435; x_wconf 88' lang='lat' dir='ltr'><strong>(vol.</strong></span> <span class='ocrx_word' id='word_1_208' title='bbox 1433 1393 1512 1444; x_wconf 25' lang='lat'><strong>1112,</strong></span> <span class='ocrx_word' id='word_1_209' title='bbox 1539 1405 1573 1439; x_wconf 90' lang='lat' dir='ltr'><strong>p.</strong></span> <span class='ocrx_word' id='word_1_210' title='bbox 1592 1393 1681 1438; x_wconf 80' lang='lat'><strong>213)</strong></span> 
     </span>
     <span class='ocr_line' id='line_1_22' title="bbox 87 1447 1681 1499; baseline 0.001 -14"><span class='ocrx_word' id='word_1_211' title='bbox 87 1449 171 1490; x_wconf 85' lang='lat' dir='ltr'><strong>haec</strong></span> <span class='ocrx_word' id='word_1_212' title='bbox 196 1449 298 1489; x_wconf 84' lang='lat' dir='ltr'><strong>verba</strong></span> <span class='ocrx_word' id='word_1_213' title='bbox 322 1448 414 1496; x_wconf 86' lang='lat' dir='ltr'><strong>(lug.</strong></span> <span class='ocrx_word' id='word_1_214' title='bbox 443 1450 474 1492; x_wconf 87' lang='lat'><strong>1,</strong></span> <span class='ocrx_word' id='word_1_215' title='bbox 501 1449 557 1495; x_wconf 86' lang='lat'><strong>3):</strong></span> <span class='ocrx_word' id='word_1_216' title='bbox 590 1450 677 1492; x_wconf 79' lang='lat' dir='ltr'><strong>„dux</strong></span> <span class='ocrx_word' id='word_1_217' title='bbox 703 1452 737 1485; x_wconf 86' lang='lat' dir='ltr'><strong>et</strong></span> <span class='ocrx_word' id='word_1_218' title='bbox 762 1450 946 1496; x_wconf 79' lang='lat' dir='ltr'><strong>imperator</strong></span> <span class='ocrx_word' id='word_1_219' title='bbox 972 1450 1061 1486; x_wconf 84' lang='lat' dir='ltr'><strong>vitae</strong></span> <span class='ocrx_word' id='word_1_220' title='bbox 1087 1450 1283 1485; x_wconf 83' lang='lat' dir='ltr'><strong>mortalium</strong></span> <span class='ocrx_word' id='word_1_221' title='bbox 1305 1450 1438 1489; x_wconf 87' lang='lat' dir='ltr'><strong>animus</strong></span> <span class='ocrx_word' id='word_1_222' title='bbox 1456 1451 1538 1493; x_wconf 82' lang='lat' dir='ltr'><strong>est.“</strong></span> <span class='ocrx_word' id='word_1_223' title='bbox 1568 1447 1681 1499; x_wconf 78' lang='lat' dir='ltr'><strong>Etiam</strong></span> 
     </span>
     <span class='ocr_line' id='line_1_23' title="bbox 87 1506 1681 1555; baseline 0.002 -13"><span class='ocrx_word' id='word_1_224' title='bbox 87 1507 177 1552; x_wconf 88' lang='lat' dir='ltr'><strong>quod</strong></span> <span class='ocrx_word' id='word_1_225' title='bbox 202 1507 354 1550; x_wconf 84' lang='lat' dir='ltr'><strong>animum</strong></span> <span class='ocrx_word' id='word_1_226' title='bbox 378 1507 521 1552; x_wconf 86' lang='lat' dir='ltr'><strong>imperio</strong></span> <span class='ocrx_word' id='word_1_227' title='bbox 547 1506 755 1544; x_wconf 84' lang='lat' dir='ltr'><strong>destinatum</strong></span> <span class='ocrx_word' id='word_1_228' title='bbox 781 1506 869 1552; x_wconf 79' lang='lat' dir='ltr'><strong>(Cat.</strong></span> <span class='ocrx_word' id='word_1_229' title='bbox 901 1508 930 1549; x_wconf 93' lang='lat' dir='ltr'><strong>l,</strong></span> <span class='ocrx_word' id='word_1_230' title='bbox 958 1508 1007 1553; x_wconf 81' lang='lat'><strong>2),</strong></span> <span class='ocrx_word' id='word_1_231' title='bbox 1034 1507 1092 1553; x_wconf 87' lang='lat' dir='ltr'><strong>qui</strong></span> <span class='ocrx_word' id='word_1_232' title='bbox 1119 1507 1190 1553; x_wconf 83' lang='lat' dir='ltr'><strong>agit</strong></span> <span class='ocrx_word' id='word_1_233' title='bbox 1216 1510 1249 1542; x_wconf 90' lang='lat' dir='ltr'><strong>et</strong></span> <span class='ocrx_word' id='word_1_234' title='bbox 1284 1507 1388 1548; x_wconf 84' lang='lat' dir='ltr'><strong>habet</strong></span> <span class='ocrx_word' id='word_1_235' title='bbox 1413 1510 1537 1543; x_wconf 84' lang='lat' dir='ltr'><strong>cuncta</strong></span> <span class='ocrx_word' id='word_1_236' title='bbox 1569 1518 1681 1555; x_wconf 70' lang='lat' dir='ltr'><strong>neque</strong></span> 
     </span>
     <span class='ocr_line' id='line_1_24' title="bbox 88 1555 1683 1614; baseline 0.001 -16"><span class='ocrx_word' id='word_1_237' title='bbox 88 1563 160 1609; x_wconf 89' lang='lat' dir='ltr'><strong>ipse</strong></span> <span class='ocrx_word' id='word_1_238' title='bbox 184 1563 349 1606; x_wconf 87' lang='lat' dir='ltr'><strong>habetur,</strong></span> <span class='ocrx_word' id='word_1_239' title='bbox 389 1564 529 1611; x_wconf 87' lang='lat' dir='ltr'><strong>opponit</strong></span> <span class='ocrx_word' id='word_1_240' title='bbox 555 1564 686 1610; x_wconf 89' lang='lat' dir='ltr'><strong>corpori</strong></span> <span class='ocrx_word' id='word_1_241' title='bbox 712 1564 849 1600; x_wconf 89' lang='lat' dir='ltr'><strong>servitio</strong></span> <span class='ocrx_word' id='word_1_242' title='bbox 882 1566 982 1607; x_wconf 87' lang='lat' dir='ltr'><strong>nato,</strong></span> <span class='ocrx_word' id='word_1_243' title='bbox 1024 1574 1126 1610; x_wconf 88' lang='lat' dir='ltr'><strong>quam</strong></span> <span class='ocrx_word' id='word_1_244' title='bbox 1161 1563 1266 1599; x_wconf 87' lang='lat' dir='ltr'><strong>Stoici</strong></span> <span class='ocrx_word' id='word_1_245' title='bbox 1301 1560 1383 1612; x_wconf 70' lang='grc' dir='ltr'><strong>ἴλην</strong></span> <span class='ocrx_word' id='word_1_246' title='bbox 1415 1566 1554 1609; x_wconf 81' lang='lat' dir='ltr'><strong>vocant,</strong></span> <span class='ocrx_word' id='word_1_247' title='bbox 1592 1555 1683 1614; x_wconf 70' lang='lat' dir='ltr'><strong>quod</strong></span> 
     </span>
     <span class='ocr_line' id='line_1_25' title="bbox 89 1616 1684 1673; baseline 0.001 -18"><span class='ocrx_word' id='word_1_248' title='bbox 89 1621 239 1663; x_wconf 85' lang='lat' dir='ltr'><strong>animum</strong></span> <span class='ocrx_word' id='word_1_249' title='bbox 264 1631 342 1658; x_wconf 90' lang='lat' dir='ltr'><strong>cum</strong></span> <span class='ocrx_word' id='word_1_250' title='bbox 367 1621 420 1664; x_wconf 88' lang='lat' dir='ltr'><strong>dis</strong></span> <span class='ocrx_word' id='word_1_251' title='bbox 444 1621 541 1656; x_wconf 87' lang='lat' dir='ltr'><strong>nobis</strong></span> <span class='ocrx_word' id='word_1_252' title='bbox 566 1632 783 1657; x_wconf 89' lang='lat' dir='ltr'><strong>communem</strong></span> <span class='ocrx_word' id='word_1_253' title='bbox 810 1621 860 1666; x_wconf 82' lang='lat' dir='ltr'><strong>(O.</strong></span> <span class='ocrx_word' id='word_1_254' title='bbox 891 1623 921 1663; x_wconf 93' lang='grc'><strong>1,</strong></span> <span class='ocrx_word' id='word_1_255' title='bbox 949 1622 996 1664; x_wconf 83' lang='grc'><strong>2),</strong></span> <span class='ocrx_word' id='word_1_256' title='bbox 1024 1624 1211 1663; x_wconf 84' lang='lat' dir='ltr'><strong>aeternum,</strong></span> <span class='ocrx_word' id='word_1_257' title='bbox 1240 1622 1474 1667; x_wconf 87' lang='lat' dir='ltr'><strong>incorruptum</strong></span> <span class='ocrx_word' id='word_1_258' title='bbox 1487 1622 1581 1673; x_wconf 60' lang='lat' dir='ltr'><strong>flug.</strong></span> <span class='ocrx_word' id='word_1_259' title='bbox 1591 1616 1625 1665; x_wconf 78' lang='grc'><strong>2,</strong></span> <span class='ocrx_word' id='word_1_260' title='bbox 1645 1622 1684 1669; x_wconf 82' lang='grc'><strong>3)</strong></span> 
     </span>
     <span class='ocr_line' id='line_1_26' title="bbox 90 1677 1684 1725; baseline 0.001 -12"><span class='ocrx_word' id='word_1_261' title='bbox 90 1688 161 1713; x_wconf 87' lang='lat' dir='ltr'><strong>esse</strong></span> <span class='ocrx_word' id='word_1_262' title='bbox 187 1677 316 1720; x_wconf 87' lang='lat' dir='ltr'><strong>statuit,</strong></span> <span class='ocrx_word' id='word_1_263' title='bbox 343 1678 435 1724; x_wconf 88' lang='lat' dir='ltr'><strong>quod</strong></span> <span class='ocrx_word' id='word_1_264' title='bbox 461 1678 607 1723; x_wconf 85' lang='lat' dir='ltr'><strong>denique</strong></span> <span class='ocrx_word' id='word_1_265' title='bbox 634 1678 786 1723; x_wconf 82' lang='lat' dir='ltr'><strong>Caesaris</strong></span> <span class='ocrx_word' id='word_1_266' title='bbox 812 1678 971 1725; x_wconf 81' lang='lat' dir='ltr'><strong>Epicurei</strong></span> <span class='ocrx_word' id='word_1_267' title='bbox 997 1679 1039 1714; x_wconf 91' lang='lat' dir='ltr'><strong>de</strong></span> <span class='ocrx_word' id='word_1_268' title='bbox 1067 1678 1168 1713; x_wconf 88' lang='lat' dir='ltr'><strong>rebus</strong></span> <span class='ocrx_word' id='word_1_269' title='bbox 1195 1681 1271 1724; x_wconf 90' lang='lat' dir='ltr'><strong>post</strong></span> <span class='ocrx_word' id='word_1_270' title='bbox 1296 1683 1444 1717; x_wconf 87' lang='lat' dir='ltr'><strong>mortem</strong></span> <span class='ocrx_word' id='word_1_271' title='bbox 1466 1679 1589 1714; x_wconf 85' lang='lat' dir='ltr'><strong>suturis</strong></span> <span class='ocrx_word' id='word_1_272' title='bbox 1606 1688 1684 1724; x_wconf 74' lang='lat' dir='ltr'><strong>sen-</strong></span> 
     </span>
    </p>
   </div>
   <div class='ocr_carea' id='block_1_7' title="bbox 89 1734 1685 1836">
    <p class='ocr_par' dir='ltr' id='par_1_8' title="bbox 89 1734 1685 1836">
     <span class='ocr_line' id='line_1_27' title="bbox 91 1734 1685 1782; baseline 0.001 -13"><span class='ocrx_word' id='word_1_273' title='bbox 91 1734 216 1770; x_wconf 83' lang='lat' dir='ltr'><strong>tentiae</strong></span> <span class='ocrx_word' id='word_1_274' title='bbox 241 1734 380 1770; x_wconf 82' lang='lat' dir='ltr'><strong>Catonis</strong></span> <span class='ocrx_word' id='word_1_275' title='bbox 407 1734 513 1770; x_wconf 84' lang='lat' dir='ltr'><strong>Stoici</strong></span> <span class='ocrx_word' id='word_1_276' title='bbox 539 1735 744 1771; x_wconf 84' lang='lat' dir='ltr'><strong>sententiam</strong></span> <span class='ocrx_word' id='word_1_277' title='bbox 770 1735 958 1781; x_wconf 76' lang='lat' dir='ltr'><strong>opponit1),</strong></span> <span class='ocrx_word' id='word_1_278' title='bbox 987 1735 1177 1771; x_wconf 84' lang='lat' dir='ltr'><strong>Stoicorum</strong></span> <span class='ocrx_word' id='word_1_279' title='bbox 1210 1735 1445 1782; x_wconf 88' lang='lat' dir='ltr'><strong>philosophiae</strong></span> <span class='ocrx_word' id='word_1_280' title='bbox 1479 1746 1558 1772; x_wconf 88' lang='lat' dir='ltr'><strong>eum</strong></span> <span class='ocrx_word' id='word_1_281' title='bbox 1592 1735 1685 1771; x_wconf 88' lang='lat' dir='ltr'><strong>dedi-</strong></span> 
     </span>
     <span class='ocr_line' id='line_1_28' title="bbox 89 1784 444 1836; baseline 0.006 -12"><span class='ocrx_word' id='word_1_282' title='bbox 89 1792 160 1825; x_wconf 89' lang='lat' dir='ltr'><strong>tum</strong></span> <span class='ocrx_word' id='word_1_283' title='bbox 184 1791 288 1826; x_wconf 81' lang='lat' dir='ltr'><strong>fuisse</strong></span> <span class='ocrx_word' id='word_1_284' title='bbox 313 1784 444 1836; x_wconf 83' lang='lat' dir='ltr'><strong>putant.</strong></span> 
     </span>
    </p>
   </div>
   <div class='ocr_carea' id='block_1_8' title="bbox 88 1856 1684 2024">
    <p class='ocr_par' dir='ltr' id='par_1_9' title="bbox 88 1856 1684 2024">
     <span class='ocr_line' id='line_1_29' title="bbox 200 1856 1681 1914; baseline 0.002 -20"><span class='ocrx_word' id='word_1_285' title='bbox 200 1856 339 1914; x_wconf 81' lang='lat' dir='ltr'><strong>Epicuri</strong></span> <span class='ocrx_word' id='word_1_286' title='bbox 364 1860 479 1904; x_wconf 83' lang='lat' dir='ltr'><strong>autem</strong></span> <span class='ocrx_word' id='word_1_287' title='bbox 504 1861 683 1905; x_wconf 82' lang='lat' dir='ltr'><strong>praecepta</strong></span> <span class='ocrx_word' id='word_1_288' title='bbox 708 1860 863 1896; x_wconf 90' lang='lat' dir='ltr'><strong>secutum</strong></span> <span class='ocrx_word' id='word_1_289' title='bbox 881 1870 955 1896; x_wconf 85' lang='lat' dir='ltr'><strong>esse</strong></span> <span class='ocrx_word' id='word_1_290' title='bbox 975 1858 1169 1903; x_wconf 79' lang='lat' dir='ltr'><strong>Salustium,</strong></span> <span class='ocrx_word' id='word_1_291' title='bbox 1198 1861 1234 1895; x_wconf 88' lang='lat' dir='ltr'><strong>ut</strong></span> <span class='ocrx_word' id='word_1_292' title='bbox 1251 1859 1458 1902; x_wconf 85' lang='lat' dir='ltr'><strong>Lucretium,</strong></span> <span class='ocrx_word' id='word_1_293' title='bbox 1486 1859 1681 1909; x_wconf 79' lang='lat' dir='ltr'><strong>Gaesarem,</strong></span> 
     </span>
     <span class='ocr_line' id='line_1_30' title="bbox 88 1905 1679 1964; baseline 0 -12"><span class='ocrx_word' id='word_1_294' title='bbox 88 1913 178 1956; x_wconf 75' lang='lat' dir='ltr'><strong>alios,</strong></span> <span class='ocrx_word' id='word_1_295' title='bbox 216 1915 422 1961; x_wconf 83' lang='lat' dir='ltr'><strong>quibuscum</strong></span> <span class='ocrx_word' id='word_1_296' title='bbox 459 1916 547 1953; x_wconf 85' lang='lat' dir='ltr'><strong>vitae</strong></span> <span class='ocrx_word' id='word_1_297' title='bbox 585 1919 618 1951; x_wconf 90' lang='lat' dir='ltr'><strong>et</strong></span> <span class='ocrx_word' id='word_1_298' title='bbox 655 1917 859 1962; x_wconf 86' lang='lat' dir='ltr'><strong>scriptorum</strong></span> <span class='ocrx_word' id='word_1_299' title='bbox 893 1916 1116 1953; x_wconf 87' lang='lat' dir='ltr'><strong>similitudine</strong></span> <span class='ocrx_word' id='word_1_300' title='bbox 1149 1928 1185 1952; x_wconf 90' lang='lat' dir='ltr'><strong>se</strong></span> <span class='ocrx_word' id='word_1_301' title='bbox 1220 1917 1466 1959; x_wconf 78' lang='lat' dir='ltr'><strong>coniunxisset,</strong></span> <span class='ocrx_word' id='word_1_302' title='bbox 1506 1905 1679 1964; x_wconf 76' lang='lat' dir='ltr'><strong>coniciunt</strong></span> 
     </span>
     <span class='ocr_line' id='line_1_31' title="bbox 89 1972 1684 2024; baseline 0.003 -18"><span class='ocrx_word' id='word_1_303' title='bbox 89 1980 166 2015; x_wconf 81' lang='lat' dir='ltr'><strong>cum</strong></span> <span class='ocrx_word' id='word_1_304' title='bbox 192 1982 234 2015; x_wconf 81' lang='lat' dir='ltr'><strong>ex</strong></span> <span class='ocrx_word' id='word_1_305' title='bbox 259 1972 333 2018; x_wconf 77' lang='lat' dir='ltr'><strong>eius</strong></span> <span class='ocrx_word' id='word_1_306' title='bbox 358 1972 435 2017; x_wconf 74' lang='lat' dir='ltr'><strong>vita,</strong></span> <span class='ocrx_word' id='word_1_307' title='bbox 463 1983 530 2019; x_wconf 87' lang='lat' dir='ltr'><strong>qua</strong></span> <span class='ocrx_word' id='word_1_308' title='bbox 555 1972 784 2019; x_wconf 74' lang='lat' dir='ltr'><strong>voluptatibus</strong></span> <span class='ocrx_word' id='word_1_309' title='bbox 810 1973 957 2016; x_wconf 87' lang='lat' dir='ltr'><strong>servivit,</strong></span> <span class='ocrx_word' id='word_1_310' title='bbox 986 1976 1058 2011; x_wconf 83' lang='lat' dir='ltr'><strong>tum</strong></span> <span class='ocrx_word' id='word_1_311' title='bbox 1084 1974 1232 2019; x_wconf 83' lang='lat' dir='ltr'><strong>maxime</strong></span> <span class='ocrx_word' id='word_1_312' title='bbox 1257 1984 1275 2010; x_wconf 88' lang='lat' dir='ltr'><strong>e</strong></span> <span class='ocrx_word' id='word_1_313' title='bbox 1301 1974 1455 2022; x_wconf 86' lang='lat' dir='ltr'><strong>scriptis,</strong></span> <span class='ocrx_word' id='word_1_314' title='bbox 1491 1974 1527 2010; x_wconf 88' lang='lat' dir='ltr'><strong>in</strong></span> <span class='ocrx_word' id='word_1_315' title='bbox 1560 1973 1684 2024; x_wconf 74' lang='lat' dir='ltr'><strong>quibus</strong></span> 
     </span>
    </p>
   </div>
   <div class='ocr_carea' id='block_1_9' title="bbox 1602 27 1772 85">
    <p class='ocr_par' dir='ltr' id='par_1_10' title="bbox 1602 27 1793 86">
     <span class='ocr_line' id='line_1_32' title="bbox 1602 27 1772 56; baseline 0.012 -2"><span class='ocrx_word' id='word_1_316' title='bbox 1602 34 1605 35; x_wconf 57' lang='lat'><em>⁷</em></span> <span class='ocrx_word' id='word_1_317' title='bbox 1708 27 1772 56; x_wconf 39' lang='lat' dir='ltr'><strong>⁷¹-.&#39;&#39;x</strong></span> 
     </span>
     <span class='ocr_line' id='line_1_33' title="bbox 1629 38 1679 85; baseline 0.006 0"><span class='ocrx_word' id='word_1_318' title='bbox 1629 38 1679 85; x_wconf 66' lang='lat'><strong>1³1¹</strong></span> 
     </span>
    </p>
   </div>
   <div class='ocr_carea' id='block_1_10' title="bbox 89 2001 1813 2083">
    <p class='ocr_par' dir='ltr' id='par_1_11' title="bbox 89 2001 1813 2083">
     <span class='ocr_line' id='line_1_34' title="bbox 89 2001 1813 2083; baseline -0.001 -14"><span class='ocrx_word' id='word_1_319' title='bbox 89 2028 230 2073; x_wconf 57' lang='lat' dir='ltr'><strong>deorum</strong></span> <span class='ocrx_word' id='word_1_320' title='bbox 254 2030 497 2075; x_wconf 70' lang='lat' dir='ltr'><strong>Romanorum,</strong></span> <span class='ocrx_word' id='word_1_321' title='bbox 525 2031 582 2077; x_wconf 87' lang='lat' dir='ltr'><strong>qui</strong></span> <span class='ocrx_word' id='word_1_322' title='bbox 607 2031 746 2077; x_wconf 67' lang='lat' dir='ltr'><strong>,quidem</strong></span> <span class='ocrx_word' id='word_1_323' title='bbox 771 2031 872 2079; x_wconf 87' lang='lat' dir='ltr'><strong>vulgo</strong></span> <span class='ocrx_word' id='word_1_324' title='bbox 898 2031 1114 2077; x_wconf 80' lang='lat' dir='ltr'><strong>putabantur,</strong></span> <span class='ocrx_word' id='word_1_325' title='bbox 1141 2032 1280 2070; x_wconf 84' lang='lat' dir='ltr'><strong>nomina</strong></span> <span class='ocrx_word' id='word_1_326' title='bbox 1304 2043 1373 2070; x_wconf 89' lang='grc' dir='ltr'><strong>ιιοιι</strong></span> <span class='ocrx_word' id='word_1_327' title='bbox 1398 2031 1583 2083; x_wconf 76' lang='lat' dir='ltr'><strong>expressit,</strong></span> <span class='ocrx_word' id='word_1_328' title='bbox 1622 2031 1684 2074; x_wconf 80' lang='lat' dir='ltr'><strong>sed</strong></span> <span class='ocrx_word' id='word_1_329' title='bbox 1727 2042 1730 2045; x_wconf 56' lang='lat'><strong>⁴</strong></span> <span class='ocrx_word' id='word_1_330' title='bbox 1804 2001 1813 2034; x_wconf 30' lang='lat' dir='ltr'><strong>&#39;e</strong></span> 
     </span>
    </p>
   </div>
   <div class='ocr_carea' id='block_1_11' title="bbox 90 2087 1697 2195">
    <p class='ocr_par' dir='ltr' id='par_1_12' title="bbox 90 2087 1697 2195">
     <span class='ocr_line' id='line_1_35' title="bbox 90 2087 1697 2138; baseline 0.001 -16"><span class='ocrx_word' id='word_1_331' title='bbox 90 2095 189 2129; x_wconf 81' lang='lat' dir='ltr'><strong>omne</strong></span> <span class='ocrx_word' id='word_1_332' title='bbox 213 2087 367 2132; x_wconf 77' lang='lat' dir='ltr'><strong>divinum</strong></span> <span class='ocrx_word' id='word_1_333' title='bbox 392 2099 474 2129; x_wconf 83' lang='lat' dir='ltr'><strong>voce</strong></span> <span class='ocrx_word' id='word_1_334' title='bbox 510 2088 580 2124; x_wconf 90' lang='lat' dir='ltr'><strong>dei</strong></span> <span class='ocrx_word' id='word_1_335' title='bbox 606 2088 866 2134; x_wconf 87' lang='lat' dir='ltr'><strong>comprehendit</strong></span> <span class='ocrx_word' id='word_1_336' title='bbox 897 2088 1058 2134; x_wconf 83' lang='lat' dir='ltr'><strong>(Dietsch</strong></span> <span class='ocrx_word' id='word_1_337' title='bbox 1088 2089 1191 2135; x_wconf 83' lang='lat' dir='ltr'><strong>praes.</strong></span> <span class='ocrx_word' id='word_1_338' title='bbox 1222 2089 1310 2131; x_wconf 77' lang='lat'><strong>15⁴),</strong></span> <span class='ocrx_word' id='word_1_339' title='bbox 1350 2088 1517 2138; x_wconf 72' lang='lat' dir='ltr'><strong>quidquid</strong></span> <span class='ocrx_word' id='word_1_340' title='bbox 1547 2090 1697 2135; x_wconf 61' lang='lat' dir='ltr'><strong>praeter.</strong></span> 
     </span>
     <span class='ocr_line' id='line_1_36' title="bbox 90 2144 1678 2195; baseline 0.002 -17"><span class='ocrx_word' id='word_1_341' title='bbox 90 2144 227 2180; x_wconf 79' lang='lat' dir='ltr'><strong>naturae</strong></span> <span class='ocrx_word' id='word_1_342' title='bbox 253 2145 408 2181; x_wconf 87' lang='lat' dir='ltr'><strong>ordinem</strong></span> <span class='ocrx_word' id='word_1_343' title='bbox 435 2145 607 2181; x_wconf 86' lang='lat' dir='ltr'><strong>insolitum</strong></span> <span class='ocrx_word' id='word_1_344' title='bbox 634 2146 788 2182; x_wconf 87' lang='lat' dir='ltr'><strong>accidere</strong></span> <span class='ocrx_word' id='word_1_345' title='bbox 813 2146 1000 2188; x_wconf 86' lang='lat' dir='ltr'><strong>videbatur,</strong></span> <span class='ocrx_word' id='word_1_346' title='bbox 1038 2149 1075 2182; x_wconf 86' lang='lat' dir='ltr'><strong>ut</strong></span> <span class='ocrx_word' id='word_1_347' title='bbox 1100 2150 1211 2188; x_wconf 80' lang='lat' dir='ltr'><strong>terrae</strong></span> <span class='ocrx_word' id='word_1_348' title='bbox 1248 2148 1360 2186; x_wconf 85' lang='lat' dir='ltr'><strong>motus</strong></span> <span class='ocrx_word' id='word_1_349' title='bbox 1373 2145 1414 2192; x_wconf 82' lang='lat'><strong>²),</strong></span> <span class='ocrx_word' id='word_1_350' title='bbox 1442 2145 1638 2195; x_wconf 66' lang='lat' dir='ltr'><strong>pestilentia</strong></span> <span class='ocrx_word' id='word_1_351' title='bbox 1650 2145 1678 2190; x_wconf 88' lang='lat'><strong>⁸)</strong></span> 
     </span>
    </p>
   </div>
   <div class='ocr_carea' id='block_1_12' title="bbox 20 2198 1687 2250">
    <p class='ocr_par' dir='ltr' id='par_1_13' title="bbox 20 2198 1687 2250">
     <span class='ocr_line' id='line_1_37' title="bbox 20 2198 1687 2250; baseline 0.002 -16"><span class='ocrx_word' id='word_1_352' title='bbox 20 2239 23 2244; x_wconf 40' lang='lat'>‚</span> <span class='ocrx_word' id='word_1_353' title='bbox 90 2198 139 2244; x_wconf 88' lang='lat'><strong>(3,</strong></span> <span class='ocrx_word' id='word_1_354' title='bbox 166 2200 210 2236; x_wconf 84' lang='lat'><strong>27</strong></span> <span class='ocrx_word' id='word_1_355' title='bbox 237 2201 297 2238; x_wconf 87' lang='lat' dir='ltr'><strong>Kr.</strong></span> <span class='ocrx_word' id='word_1_356' title='bbox 323 2219 371 2231; x_wconf 92' lang='lat'><strong><em>=</em></strong></span> <span class='ocrx_word' id='word_1_357' title='bbox 394 2203 461 2248; x_wconf 79' lang='lat' dir='ltr'><strong>inc.</strong></span> <span class='ocrx_word' id='word_1_358' title='bbox 487 2203 534 2241; x_wconf 80' lang='lat'><strong>46</strong></span> <span class='ocrx_word' id='word_1_359' title='bbox 560 2202 631 2248; x_wconf 81' lang='lat' dir='ltr'><strong>D.),</strong></span> <span class='ocrx_word' id='word_1_360' title='bbox 657 2204 791 2250; x_wconf 84' lang='lat' dir='ltr'><strong>pecoris</strong></span> <span class='ocrx_word' id='word_1_361' title='bbox 823 2203 981 2250; x_wconf 85' lang='lat' dir='ltr'><strong>contagio</strong></span> <span class='ocrx_word' id='word_1_362' title='bbox 996 2203 1035 2247; x_wconf 66' lang='lat'><strong>⁴²),</strong></span> <span class='ocrx_word' id='word_1_363' title='bbox 1063 2214 1104 2240; x_wconf 79' lang='lat' dir='ltr'><strong>ex</strong></span> <span class='ocrx_word' id='word_1_364' title='bbox 1137 2205 1276 2243; x_wconf 80' lang='lat' dir='ltr'><strong>naturae</strong></span> <span class='ocrx_word' id='word_1_365' title='bbox 1312 2203 1440 2240; x_wconf 88' lang='lat' dir='ltr'><strong>viribus</strong></span> <span class='ocrx_word' id='word_1_366' title='bbox 1474 2202 1618 2249; x_wconf 69' lang='lat' dir='ltr'><strong>proferri</strong></span> <span class='ocrx_word' id='word_1_367' title='bbox 1652 2206 1687 2238; x_wconf 89' lang='lat' dir='ltr'><strong>et</strong></span> 
     </span>
    </p>
   </div>
   <div class='ocr_carea' id='block_1_13' title="bbox 88 2259 1686 2368">
    <p class='ocr_par' dir='ltr' id='par_1_14' title="bbox 88 2259 1686 2368">
     <span class='ocr_line' id='line_1_38' title="bbox 88 2259 1684 2310; baseline 0.001 -14"><span class='ocrx_word' id='word_1_368' title='bbox 88 2260 258 2304; x_wconf 65' lang='lat' dir='ltr'><strong>procreari</strong></span> <span class='ocrx_word' id='word_1_369' title='bbox 275 2260 449 2310; x_wconf 67' lang='lat' dir='ltr'><strong>ostendit,</strong></span> <span class='ocrx_word' id='word_1_370' title='bbox 488 2259 553 2304; x_wconf 75' lang='lat' dir='ltr'><strong>alia</strong></span> <span class='ocrx_word' id='word_1_371' title='bbox 584 2260 693 2307; x_wconf 72' lang='lat' dir='ltr'><strong>multa</strong></span> <span class='ocrx_word' id='word_1_372' title='bbox 725 2261 767 2298; x_wconf 88' lang='lat' dir='ltr'><strong>ab</strong></span> <span class='ocrx_word' id='word_1_373' title='bbox 795 2260 977 2309; x_wconf 78' lang='lat' dir='ltr'><strong>Epicureis</strong></span> <span class='ocrx_word' id='word_1_374' title='bbox 1011 2261 1196 2308; x_wconf 86' lang='lat' dir='ltr'><strong>sumpsisse</strong></span> <span class='ocrx_word' id='word_1_375' title='bbox 1231 2260 1374 2301; x_wconf 83' lang='lat' dir='ltr'><strong>videtur.</strong></span> <span class='ocrx_word' id='word_1_376' title='bbox 1426 2259 1566 2307; x_wconf 70' lang='lat' dir='ltr'><strong>Epicuri</strong></span> <span class='ocrx_word' id='word_1_377' title='bbox 1589 2259 1684 2308; x_wconf 72' lang='lat' dir='ltr'><strong>enim</strong></span> 
     </span>
     <span class='ocr_line' id='line_1_39' title="bbox 90 2316 1686 2368; baseline -0.003 -10"><span class='ocrx_word' id='word_1_378' title='bbox 90 2325 163 2361; x_wconf 57' lang='lat'><strong>0256</strong></span> <span class='ocrx_word' id='word_1_379' title='bbox 179 2316 270 2361; x_wconf 63' lang='lat' dir='ltr'><strong>&gt;¹illud</strong></span> <span class='ocrx_word' id='word_1_380' title='bbox 296 2318 383 2368; x_wconf 78' lang='lat' dir='ltr'><strong>(lug.</strong></span> <span class='ocrx_word' id='word_1_381' title='bbox 402 2319 442 2364; x_wconf 23' lang='lat'><strong>¹2,</strong></span> <span class='ocrx_word' id='word_1_382' title='bbox 469 2319 527 2366; x_wconf 58' lang='lat'><strong>32:</strong></span> <span class='ocrx_word' id='word_1_383' title='bbox 572 2318 713 2366; x_wconf 80' lang='lat' dir='ltr'><strong>„Omnia</strong></span> <span class='ocrx_word' id='word_1_384' title='bbox 746 2321 820 2358; x_wconf 81' lang='lat' dir='ltr'><strong>orta</strong></span> <span class='ocrx_word' id='word_1_385' title='bbox 845 2319 1020 2361; x_wconf 75' lang='lat' dir='ltr'><strong>accidunt,</strong></span> <span class='ocrx_word' id='word_1_386' title='bbox 1059 2321 1095 2356; x_wconf 83' lang='lat' dir='ltr'><strong>et</strong></span> <span class='ocrx_word' id='word_1_387' title='bbox 1128 2321 1226 2356; x_wconf 81' lang='lat' dir='ltr'><strong>aucta</strong></span> <span class='ocrx_word' id='word_1_388' title='bbox 1255 2320 1467 2360; x_wconf 85' lang='lat' dir='ltr'><strong>senescunt,“</strong></span> <span class='ocrx_word' id='word_1_389' title='bbox 1508 2318 1607 2355; x_wconf 84' lang='lat' dir='ltr'><strong>testis</strong></span> <span class='ocrx_word' id='word_1_390' title='bbox 1632 2319 1686 2359; x_wconf 83' lang='lat' dir='ltr'><strong>est</strong></span> 
     </span>
    </p>
   </div>
   <div class='ocr_carea' id='block_1_14' title="bbox 94 2410 318 2419">
    <p class='ocr_par' dir='ltr' id='par_1_15' title="bbox 94 2410 318 2419">
     <span class='ocr_line' id='line_1_40' title="bbox 94 2410 318 2419; baseline 0 383"><span class='ocrx_word' id='word_1_391' title='bbox 94 2410 318 2419; x_wconf 95' lang='lat' dir='ltr'><strong> </strong></span> 
     </span>
    </p>
   </div>
   <div class='ocr_carea' id='block_1_15' title="bbox 203 2477 978 2663">
    <p class='ocr_par' dir='ltr' id='par_1_16' title="bbox 203 2477 978 2614">
     <span class='ocr_line' id='line_1_41' title="bbox 204 2477 947 2518; baseline 0.003 -10"><span class='ocrx_word' id='word_1_392' title='bbox 204 2477 226 2514; x_wconf 93' lang='lat'><strong>¹)</strong></span> <span class='ocrx_word' id='word_1_393' title='bbox 246 2477 309 2508; x_wconf 72' lang='lat' dir='ltr'><strong>Cat.</strong></span> <span class='ocrx_word' id='word_1_394' title='bbox 330 2480 376 2517; x_wconf 77' lang='lat'><strong>52,</strong></span> <span class='ocrx_word' id='word_1_395' title='bbox 397 2480 442 2518; x_wconf 86' lang='lat'><strong>13,</strong></span> <span class='ocrx_word' id='word_1_396' title='bbox 465 2480 531 2511; x_wconf 82' lang='lat'><strong>0011.</strong></span> <span class='ocrx_word' id='word_1_397' title='bbox 552 2481 599 2518; x_wconf 90' lang='lat'><strong>51,</strong></span> <span class='ocrx_word' id='word_1_398' title='bbox 620 2481 668 2511; x_wconf 81' lang='lat'><strong>20.</strong></span> <span class='ocrx_word' id='word_1_399' title='bbox 689 2480 813 2510; x_wconf 79' lang='lat' dir='ltr'><strong>Dietsch</strong></span> <span class='ocrx_word' id='word_1_400' title='bbox 833 2480 873 2510; x_wconf 81' lang='lat' dir='ltr'><strong>ad</strong></span> <span class='ocrx_word' id='word_1_401' title='bbox 893 2480 947 2510; x_wconf 87' lang='lat' dir='ltr'><strong>loc.</strong></span> 
     </span>
     <span class='ocr_line' id='line_1_42' title="bbox 204 2524 978 2566; baseline 0.001 -11"><span class='ocrx_word' id='word_1_402' title='bbox 204 2524 228 2562; x_wconf 83' lang='lat'><strong>²)</strong></span> <span class='ocrx_word' id='word_1_403' title='bbox 247 2524 325 2556; x_wconf 76' lang='lat' dir='ltr'><strong>nist.</strong></span> <span class='ocrx_word' id='word_1_404' title='bbox 345 2526 448 2565; x_wconf 69' lang='lat' dir='ltr'><strong>fragm</strong></span> <span class='ocrx_word' id='word_1_405' title='bbox 470 2529 497 2561; x_wconf 85' lang='lat'><strong>2,</strong></span> <span class='ocrx_word' id='word_1_406' title='bbox 518 2529 555 2558; x_wconf 79' lang='lat'><strong>52</strong></span> <span class='ocrx_word' id='word_1_407' title='bbox 574 2527 660 2557; x_wconf 81' lang='lat' dir='ltr'><strong>Kritz</strong></span> <span class='ocrx_word' id='word_1_408' title='bbox 680 2541 717 2552; x_wconf 94' lang='lat'>=</span> <span class='ocrx_word' id='word_1_409' title='bbox 737 2529 764 2566; x_wconf 83' lang='lat'><strong>2,</strong></span> <span class='ocrx_word' id='word_1_410' title='bbox 784 2528 822 2564; x_wconf 57' lang='lat'><strong>43</strong></span> <span class='ocrx_word' id='word_1_411' title='bbox 846 2527 978 2559; x_wconf 78' lang='lat' dir='ltr'><strong>Dietsch.</strong></span> 
     </span>
     <span class='ocr_line' id='line_1_43' title="bbox 203 2571 790 2614; baseline 0.002 -10"><span class='ocrx_word' id='word_1_412' title='bbox 203 2571 228 2609; x_wconf 85' lang='lat'><strong>⁸)</strong></span> <span class='ocrx_word' id='word_1_413' title='bbox 248 2572 324 2605; x_wconf 82' lang='lat' dir='ltr'><strong>Hist.</strong></span> <span class='ocrx_word' id='word_1_414' title='bbox 345 2575 380 2606; x_wconf 78' lang='lat' dir='ltr'><strong>fr.</strong></span> <span class='ocrx_word' id='word_1_415' title='bbox 401 2576 428 2614; x_wconf 85' lang='lat'><strong>3,</strong></span> <span class='ocrx_word' id='word_1_416' title='bbox 450 2577 467 2607; x_wconf 84' lang='lat'>2</span> <span class='ocrx_word' id='word_1_417' title='bbox 487 2575 539 2607; x_wconf 88' lang='lat' dir='ltr'><strong>Kr.</strong></span> <span class='ocrx_word' id='word_1_418' title='bbox 562 2590 599 2601; x_wconf 84' lang='lat'>=</span> <span class='ocrx_word' id='word_1_419' title='bbox 619 2576 676 2607; x_wconf 89' lang='lat' dir='ltr'><strong>inc.</strong></span> <span class='ocrx_word' id='word_1_420' title='bbox 696 2577 734 2608; x_wconf 75' lang='lat'><strong>46</strong></span> <span class='ocrx_word' id='word_1_421' title='bbox 755 2576 790 2605; x_wconf 93' lang='lat' dir='ltr'><strong>D.</strong></span> 
     </span>
    </p>

    <p class='ocr_par' dir='ltr' id='par_1_17' title="bbox 203 2619 771 2663">
     <span class='ocr_line' id='line_1_44' title="bbox 203 2619 771 2663; baseline 0.007 -12"><span class='ocrx_word' id='word_1_422' title='bbox 203 2619 227 2657; x_wconf 80' lang='lat'><strong>⁴)</strong></span> <span class='ocrx_word' id='word_1_423' title='bbox 247 2620 327 2653; x_wconf 74' lang='lat' dir='ltr'><strong>Serv.</strong></span> <span class='ocrx_word' id='word_1_424' title='bbox 348 2623 395 2653; x_wconf 79' lang='lat' dir='ltr'><strong>ad.</strong></span> <span class='ocrx_word' id='word_1_425' title='bbox 417 2623 504 2662; x_wconf 79' lang='lat' dir='ltr'><strong>Verg.</strong></span> <span class='ocrx_word' id='word_1_426' title='bbox 526 2624 632 2663; x_wconf 72' lang='lat' dir='ltr'><strong>Georg.</strong></span> <span class='ocrx_word' id='word_1_427' title='bbox 655 2625 681 2662; x_wconf 82' lang='lat'><strong>3,</strong></span> <span class='ocrx_word' id='word_1_428' title='bbox 702 2624 771 2655; x_wconf 77' lang='lat'><strong>469.</strong></span> 
     </span>
    </p>
   </div>
   <div class='ocr_carea' id='block_1_16' title="bbox 0 2614 107 2802">
    <p class='ocr_par' dir='ltr' id='par_1_18' title="bbox 0 2614 107 2802">
     <span class='ocr_line' id='line_1_45' title="bbox 0 2614 107 2802; baseline 0 0"><span class='ocrx_word' id='word_1_429' title='bbox 0 2614 107 2802; x_wconf 95' lang='lat' dir='ltr'><strong> </strong></span> 
     </span>
    </p>
   </div>
   <div class='ocr_carea' id='block_1_17' title="bbox 1709 0 1835 2802">
    <p class='ocr_par' dir='ltr' id='par_1_19' title="bbox 1709 0 1835 2802">
     <span class='ocr_line' id='line_1_46' title="bbox 1709 0 1835 2802; baseline 0 0"><span class='ocrx_word' id='word_1_430' title='bbox 1709 0 1835 2802; x_wconf 95' lang='lat' dir='ltr'><strong> </strong></span> 
     </span>
    </p>
   </div>
  </div>
 </body>
</html>
