1835 2802
128 160 273 199 Catilina
296 172 366 199 non
391 162 530 199 uberius
549 161 754 209 exposuerit,
781 173 842 199 cur
858 173 937 199 eum
951 157 1033 209 post
1048 159 1244 209 praeturam
1260 162 1350 199 male
1367 160 1559 200 absolutam
1574 172 1598 211 p

129 219 400 265 repetundarum
427 219 550 256 deinde
575 219 664 257 inter
688 220 827 256 sicarios
852 221 1047 257 accusatum
1074 223 1109 257 et
1133 220 1326 257 absolutum
1360 231 1436 257 esse
1461 232 1531 268 11011
1555 223 1612 257 me
1671 262 1677 267 Α

130 276 227 319 verit,
253 276 320 311 nisi
351 277 443 322 quod
467 276 553 313 haec
579 277 683 313 habet
716 276 807 324 (Cat.
833 277 866 320 5,
892 277 951 322 2):
999 276 1088 314 Huic
1114 278 1157 314 ab
1182 276 1412 314 adulescentia
1435 277 1525 315 bella
1555 277 1645 314 intes
1662 270 1675 286 '‘

129 332 263 376 caedeS,
283 334 442 379 rapinae,
471 334 641 370 discordia
666 334 775 370 civilis
801 337 897 381 grata
922 334 1070 378 fuerunt,
1105 334 1220 381 ibique
1253 335 1465 372 iuventutem
1500 345 1600 372 suam
1631 345 1694 373 exe

129 389 210 428 cuit.
261 390 355 436 Quae
382 391 475 428 enim
500 391 536 427 111
561 391 684 439 vulgus
708 394 790 429 nota
814 394 873 429 aut
897 392 944 429 ita
968 392 1123 440 vulgaria
1147 393 1304 436 fuerunt,
1342 396 1381 429 ut
1413 393 1517 430 etiam
1548 393 1614 430 alio
1638 395 1727 431 tem-
1810 432 1811 435 ,

127 459 211 495 pore
247 449 322 484 fieri
359 460 460 494 posse
497 450 713 492 viderentur,
754 461 793 486 ea
817 450 889 486 fere
916 450 1031 485 omisit
1056 452 1114 486 aut
1137 450 1255 496 paucis
1280 450 1550 496 comprehendit.
1600 444 1771 498 Nequess-u,

0 497 21 529 ι’
86 515 89 518 “
128 504 212 541 illud
238 506 452 549 mirandum,
492 506 585 552 quod
622 507 826 543 memoriam
864 518 980 543 rerum
1013 507 1225 554 temporibus
1248 518 1318 544 non
1343 508 1531 545 accuratius
1557 498 1817 559 definivitjs05

127 562 284 599 Fuerunt
310 563 412 607 enim,
440 563 510 610 qui,
540 563 633 611 quod
658 565 693 600 in
726 564 900 601 Ciceronis
934 565 1143 602 orationibus
1177 565 1430 602 accuratissime
1463 568 1517 602 est
1549 566 1727 612 scriptum,

0 599 25 644 's
71 666 75 667 ⁷
127 632 196 667 quo
224 632 381 667 quaeque
407 623 561 667 tempore
586 624 683 668 gesta
718 623 804 666 sint,
840 623 959 659 eadem
993 622 1169 669 diligentia
1202 623 1387 659 Salustium
1425 623 1540 659 omnia
1575 623 1725 674 scribere
1768 643 1771 646 >
1800 631 1821 648 '¹

0 2036 18 2094 ’ἑ
63 2105 65 2107 ,
125 2064 259 2106 cadant,
287 2063 531 2109 reputaverint,
559 2073 695 2109 quaeso,
723 2062 911 2098 Salustium
937 2072 1005 2098 non
1030 2060 1104 2098 loca
1127 2063 1185 2097 aut
1201 2060 1345 2108 populos
1362 2060 1500 2097 Africae
1518 2061 1580 2097 sed
1597 2059 1726 2098 bellum

128 678 287 715 debuisse
316 680 488 726 putarent.
540 679 608 715 Sed
641 680 676 716 in
711 680 907 717 universum
942 681 1024 717 satis
1058 682 1215 717 accurate
1250 681 1426 725 disseruit,
1470 692 1538 728 quo
1575 677 1748 728 tempore,
1781 684 1822 731 ἐξ,

127 737 217 773 facta
242 738 288 773 sit
313 739 519 781 coniuratio,
547 737 701 784 singulos
727 740 840 774 autem
866 739 938 774 dies
963 741 1090 781 notare,
1118 739 1153 774 in
1179 749 1246 784 qua
1271 739 1415 774 obscura
1431 738 1608 784 diligentia
1624 737 1726 774 multi
1754 771 1756 773 .
1780 738 1822 787 -ssss-

126 794 265 829 laudem
290 798 470 840 quaerunt,
498 795 645 831 Salustio
671 806 961 841 supervacaneum
986 795 1097 830 visum
1123 805 1198 831 esse
1222 795 1423 842 putaverim.
1465 794 1558 832 Nam
1584 806 1662 831 cum
1688 795 1724 831 in

127 851 230 888 rebus
257 852 447 889 scribendis
481 853 516 888 id
541 853 757 899 potissimum
791 855 870 899 agat
905 852 1091 896 Salustius,
1130 855 1169 888 ut
1206 853 1403 889 interiorem
1441 856 1476 889 et
1512 853 1725 889 reconditam

128 909 311 945 hominum
338 910 488 945 indolem
515 911 655 955 aperiat,
684 911 867 945 exteriores
896 910 979 944 istas
1005 912 1198 955 temporum
1225 909 1447 955 locorumque
1473 910 1624 945 rationes
1648 919 1726 955 pas·
1821 955 1826 961 ἢ

129 966 196 1001 sim
225 966 387 1013 neglegit,
416 967 618 1012 praesertim
644 977 723 1003 cum
748 967 791 1002 ad
815 977 889 1004 rem
915 966 1150 1004 illustrandam
1177 978 1245 1004 11011
1265 967 1468 1015 pertineant.
1496 966 1595 1012 Quod
1610 968 1724 1003 autem
1785 967 1796 995 -’
1816 979 1824 1007 -r

127 1024 430 1061 vehementissime
458 1026 615 1061 incusant
641 1025 838 1069 Salustium,
867 1027 1021 1061 turbasse
1046 1037 1162 1062 rerum
1190 1026 1346 1061 ordinem
1379 1026 1420 1060 iis
1445 1036 1531 1071 quae
1558 1024 1721 1060 Catilinae
1813 1046 1823 1070 „3

127 1083 297 1128 capitibus
322 1082 472 1125 XXVII,
500 1082 669 1125 XXVIII,
701 1082 817 1126 XXX,
861 1082 976 1119 XXXI
1009 1083 1178 1126 narravit,
1213 1083 1372 1130 equidem
1398 1082 1585 1119 Salustium
1611 1092 1731 1131 rerum*

125 1140 250 1177 seriem
275 1152 397 1187 parum
424 1141 609 1177 attendisse
635 1153 702 1177 non
729 1142 935 1188 negaverim.
987 1142 1110 1187 Neque
1141 1142 1232 1177 enim
1265 1142 1478 1187 transpositis
1512 1141 1678 1187 capitibus
1694 1140 1722 1186 ¹)
1756 1132 1759 1136 ⁵

127 1199 242 1234 omnia
279 1210 342 1234 suo
379 1198 454 1234 loco
492 1201 674 1234 narrantur
712 1202 746 1234 et
783 1202 863 1234 sunt
900 1199 956 1234 alii
994 1210 1073 1234 cum
1110 1199 1145 1234 in
1171 1198 1317 1234 Catilina
1350 1201 1423 1234 tum
1457 1199 1493 1234 in
1517 1197 1684 1244 Iugurtha
1696 1196 1723 1242 ²)
1823 1241 1835 1247 J

124 1255 201 1298 loci,
229 1267 270 1292 ex
296 1256 420 1302 quibus
445 1267 566 1301 parum
591 1258 786 1291 accuratam
812 1258 1007 1302 temporum
1032 1256 1198 1292 rationem
1222 1255 1382 1292 habuisse
1408 1255 1593 1291 Salustium
1618 1255 1726 1290 mani-
1830 1246 1835 1302 i

125 1313 253 1348 festum
289 1313 340 1349 fit.
392 1312 460 1348 Sed
498 1324 577 1348 cum
614 1323 701 1356 non,
743 1316 781 1348 111
821 1312 993 1349 annalium
1034 1313 1198 1349 librorum
1232 1313 1430 1360 scriptores,
1471 1324 1537 1360 quo
1575 1313 1725 1359 quidque
1833 1307 1835 1328 ÷

125 1370 255 1407 factum
281 1371 324 1407 sit
349 1382 437 1407 anno
464 1371 596 1407 tradere
622 1370 739 1414 vellet,
783 1372 844 1407 sed
882 1372 917 1407 id
954 1372 1172 1417 potissimum
1210 1374 1343 1417 ageret,
1386 1373 1424 1406 ut
1456 1381 1510 1406 res
1542 1372 1657 1416 gestas
1683 1371 1725 1405 ad

126 1438 245 1464 causas
282 1429 440 1471 referret,
488 1428 684 1474 posthabita
729 1431 923 1475 temporum
962 1429 1092 1465 ratione
1140 1439 1194 1465 res
1231 1428 1319 1465 inter
1345 1439 1380 1464 se
1419 1427 1640 1464 cohaerentes
1678 1428 1725 1463 ita

127 1487 330 1532 composuit,
356 1489 395 1522 ut
422 1497 541 1522 earum
566 1498 674 1523 nexus
699 1486 797 1523 facile
824 1487 976 1533 conspici
1001 1490 1126 1533 posset.
1166 1487 1262 1522 Artis
1287 1486 1392 1531 igitur
1418 1486 1530 1521 studio
1557 1486 1724 1521 adductus

132 1547 195 1587 est,
223 1547 260 1579 ut
285 1544 396 1579 laesae
422 1544 575 1579 veritatis
602 1544 753 1590 speciem
779 1555 847 1580 non
881 1543 1037 1591 effugert.
1090 1542 1188 1588 Quod
1223 1543 1304 1580 vitio
1343 1554 1386 1579 an
1423 1543 1539 1580 virtuti
1577 1542 1726 1580 tribuam
1763 1568 1766 1569 γ

129 1601 282 1639 Salustio
308 1603 433 1639 nescio.

244 1660 428 1706 Reliquum
455 1663 517 1704 est,
547 1663 594 1703 ut,
623 1671 708 1706 quae
735 1661 770 1695 in
795 1660 879 1695 locis
906 1660 1138 1695 describendis
1169 1666 1327 1705 peccasse
1355 1659 1541 1694 Salustium
1569 1660 1723 1705 arguant,

125 1719 243 1764 paucis
270 1717 497 1753 absolvamus.
536 1717 589 1752 lta
614 1718 706 1752 enim
732 1718 812 1752 sunt
836 1716 934 1759 levia,
962 1718 1000 1752 ut
1025 1716 1198 1752 mentione
1224 1716 1279 1751 vix
1306 1726 1380 1751 esse
1405 1715 1508 1762 digna
1533 1715 1723 1751 videantur.

124 1775 217 1811 Nam
243 1775 302 1821 qui
327 1775 375 1810 ita
400 1777 480 1811 sunt
505 1774 706 1821 diligentes,
746 1776 802 1817 ut,
842 1785 920 1810 cum
947 1773 1063 1810 Cicero
1090 1776 1207 1810 auctor
1232 1773 1276 1809 sit
1301 1772 1441 1810 Aurelia
1466 1772 1519 1809 via
1544 1772 1724 1810 Catilinam

125 1833 317 1880 profectum
345 1844 440 1875 esse,
469 1832 616 1868 Salustio
642 1833 867 1878 exprobrent,
908 1833 999 1878 quod
1034 1832 1075 1867 de
1109 1832 1162 1867 via
1195 1843 1263 1867 non
1297 1831 1488 1868 accuratius
1521 1830 1725 1878 exposuerit,

128 1902 207 1927 cum
232 1891 269 1926 in
293 1890 469 1926 Manliana
494 1892 604 1926 castra
629 1890 823 1936 profectum
849 1900 924 1925 esse
950 1889 1130 1925 Catilinam
1156 1889 1320 1931 narravit,
1361 1899 1442 1925 sane
1476 1899 1545 1924 11011
1576 1890 1629 1924 est
1664 1898 1724 1924 0111·

124 1948 317 1984 refutentur
342 1950 400 1983 aut
426 1948 683 1995 redarguantur.
712 1946 776 1991 Qui
802 1948 917 1983 antem
942 1946 978 1982 in
1003 1946 1093 1982 bello
1109 1946 1312 1995 Iugurthino
1337 1945 1541 1993 populorum
1567 1946 1666 1982 sedes
1692 1946 1727 1982 et

125 2006 224 2049 fines,
251 2005 405 2041 locorum
431 2006 517 2041 situs
543 2017 612 2041 non
638 2006 685 2040 ita
709 2005 895 2040 illustrasse
921 2006 1042 2050 putant
1067 2004 1268 2045 Salustium,
1307 2006 1345 2038 ut
1382 2004 1480 2049 quasi
1517 2004 1580 2039 sub
1611 2002 1727 2039 oculos

123 2118 372 2168 Iugurthinum
397 2121 619 2157 scribendum
636 2120 700 2156 sibi
718 2120 904 2167 sumpsisse
922 2123 956 2156 et
973 2131 1091 2156 eorum
1108 2130 1194 2166 quae
1212 2120 1254 2155 de
1272 2118 1420 2165 antiquis
1432 2118 1569 2155 Africae
1591 2117 1725 2165 populis

126 2179 294 2220 narravit,
330 2178 436 2214 fidem
461 2189 567 2224 penes
600 2180 755 2213 auctores
789 2188 863 2213 esse
898 2177 1024 2213 dixisse
1059 2176 1151 2223 (lug.
1180 2176 1235 2219 17,
1263 2175 1313 2222 7).
1364 2175 1519 2222 Denique
1552 2175 1587 2211 in
1620 2174 1728 2210 histo-

123 2236 253 2271 riarum
286 2235 381 2271 libris
414 2234 522 2271 multo
556 2234 722 2271 maiorem
757 2234 971 2283 diligentiam
1005 2235 1106 2282 atque
1144 2244 1284 2281 operam
1317 2245 1458 2270 navasse
1495 2232 1728 2271 describendis
1790 2260 1793 2262 .

124 2293 208 2330 locis
235 2305 314 2330 cum
340 2305 381 2330 ex
407 2294 612 2340 fragmentis
638 2293 828 2339 colligitur,
869 2295 943 2328 tum
977 2292 1124 2327 maxime
1160 2303 1201 2326 ex
1236 2292 1429 2327 testimonio
1460 2291 1558 2326 Festi
1591 2289 1727 2331 Avieni,

124 2351 184 2397 qui
209 2351 246 2386 in
273 2361 333 2386 ora
358 2350 529 2386 maritima
555 2352 621 2395 (vv.
648 2350 806 2394 32—41)
832 2349 919 2385 haec
944 2349 1026 2385 dicit
1052 2349 1094 2385 de
1120 2348 1287 2385 Salustioz

410 2408 663 2455 „Interrogasti,
690 2408 719 2444 si
745 2409 852 2451 tenes,
879 2407 1042 2444 Maeotici

404 2466 499 2502 Situs
525 2466 602 2512 quis
628 2468 719 2502 esset
743 2465 926 2513 aequoris?
952 2464 1142 2502 Salustium

241 2601 262 2637 ι)
284 2600 423 2637 Lincker‚
444 2599 571 2638 Ottema,
593 2599 724 2630 Gerlach
746 2600 821 2631 1864
840 2608 954 2631 excurs.
976 2599 999 2631 1.
1020 2599 1059 2630 ad
1080 2600 1146 2630 Cat.
1167 2608 1191 2630 c.
1214 2599 1337 2634 26—31‚
1358 2608 1386 2637 p.
1408 2599 1570 2630 204-206.

242 2648 267 2683 ²)
286 2647 397 2680 Jacobs
417 2647 458 2679 ad
477 2647 541 2686 Iug.
563 2649 590 2687 9,
611 2648 629 2679 3
650 2650 681 2678 et
700 2648 763 2679 cat.
784 2648 830 2684 27,
851 2647 877 2679 3.
