1835 2802
66 246 68 249 f
92 208 196 252 lusti,
221 207 287 243 nisi
312 206 446 242 aliunde
471 178 685 252 exploratum
709 209 809 249 esset,
836 206 919 242 certi
944 206 1132 252 quidquam
1158 207 1373 242 confecerim.

67 136 70 139 .
121 69 309 140 ententias
323 83 412 126 inter
448 101 485 127 se
520 92 625 126 nexas
661 93 735 126 esse
771 88 1055 133 existimaverim,
1094 90 1155 126 sed
1188 90 1285 133 inde,
1326 102 1403 127 cum
1435 89 1560 127 indicia
1584 90 1733 143 po&iffi'··'·

68 148 77 163 ³
104 144 207 204 (11111111
231 150 433 197 argumenta
458 148 545 193 sint,
589 159 699 195 neque
717 148 766 184 (10
790 146 956 185 adulterio
982 159 1092 195 neque
1117 149 1160 186 de
1185 149 1308 185 ceteris
1333 149 1432 186 malis
1458 147 1610 187 moribus
1635 143 1698 187 s*
1715 178 1717 181 .

217 283 327 320 Venio
351 293 442 318 nunc
467 282 510 318 ad
535 282 738 328 Pompeium
762 283 957 326 Lenaeum,
985 282 1043 328 qui
1062 282 1203 330 „Magni
1220 283 1365 329 Pompei
1381 282 1524 320 libertus
1541 286 1576 320 et
1591 284 1700 331 paene

1 379 5 391 .›
106 342 260 380 omnium
285 340 541 387 expeditionum
566 351 680 375 comes
705 340 867 376 defuncto
893 351 934 376 eo
959 340 1099 386 eiusque
1123 341 1203 376 filiis
1211 342 1239 387 ¹)
1266 340 1385 377 schola
1422 352 1458 377 se
1497 341 1700 378 sustentavit

10 390 24 423 ἶ
66 413 69 415 “
106 427 260 436 .....
287 409 326 433 ac
352 399 446 434 tanto
472 409 586 433 amore
612 408 694 444 erga
728 398 865 443 patroni
897 398 1099 434 memoriam
1133 399 1278 442 exstitit,
1317 401 1355 434 ut
1380 398 1567 434 Salustium
1591 398 1698 435 histo-

4 464 8 467 ’
42 490 44 492 ,
104 457 223 499 11011111,
261 456 353 502 (111οᾱ
392 466 470 491 011111
506 456 597 491 0113
633 455 760 501 probi
785 455 931 491 animo
956 456 1265 492 inverecundo
1295 456 1512 503 scripsisset,
1548 456 1699 493 acerbis·
1769 494 1776 508 ἕ

104 516 189 551 sima
214 516 326 549 satura
350 514 509 549 laceravit
534 513 718 548 lastaurum
745 516 778 548 et
802 513 1002 549 lurchonem
1028 516 1062 548 et
1085 514 1289 549 nebulonem
1312 514 1565 560 popinonemqe
1582 513 1698 560 appel-
1759 507 1805 564 J.

103 573 178 609 lans
192 574 237 617 ,et
261 572 329 608 vita
353 573 387 607 et
412 570 548 617 scriptis
573 572 837 614 monstruosum,
864 572 1036 617 praeterea
1062 571 1252 617 priscorum
1270 571 1408 608 Catonis
1427 571 1607 608 verborum
1625 571 1697 607 ine-

68 650 71 651 ⁷
104 630 354 667 ruditissimum
380 630 512 665 furem“
540 629 652 675 (Suet.
679 639 729 674 gr.
758 629 828 672 15).
856 628 1024 664 Salustius
1049 629 1164 675 igitur,
1204 630 1273 665 sive
1308 630 1374 665 oris
1400 630 1547 675 improbi
1572 629 1696 676 (Kritz.

104 688 147 724 ad
170 688 254 724 hist.
279 687 345 723 inc.
370 687 432 730 41)
466 686 535 722 sive
568 686 666 732 probi
705 685 871 731 (Dietsch.
907 687 950 721 ad
986 686 1066 722 hist.
1102 687 1165 722 inc.
1193 687 1251 731 75)
1290 687 1480 733 scripserat,
1524 694 1696 723 summam

105 746 249 791 Pompei
275 744 506 781 simulantiam
532 746 635 789 atque
660 743 843 779 falsitatem
870 744 1131 788 significaverat,
1171 755 1239 789 qua
1275 756 1337 790 per
1373 747 1478 780 totam
1511 744 1617 779 vitam
1651 745 1699 781 ita

104 804 178 838 erat
202 811 284 837 usus
309 800 503 847 Pompeius,
542 802 580 835 ut
612 799 702 835 aliud
736 810 792 835 ore
822 810 903 846 prae
929 810 966 836 se
990 800 1102 843 ferret,
1129 801 1221 836 aliud
1247 803 1362 837 mente
1386 801 1599 837 reconditum
1625 801 1696 848 agi-

105 861 199 897 taret.
250 858 348 895 Idem
373 858 443 894 fere
468 860 501 894 et
527 857 659 893 Caelius
684 860 718 893 et
743 857 860 893 Cicero
886 859 928 893 de
955 858 1119 903 Pompeio
1151 858 1374 904 scripserant:
1413 858 1470 895 ille
1495 859 1537 895 sd
1563 858 1697 895 Cicero-

105 928 184 953 nem
211 917 304 961 (fam.
331 917 363 958 8,
393 918 423 954 1,
451 916 504 959 7);
533 915 649 957 ,,80101
674 914 857 960 Pompeius
883 915 974 950 aliud
999 916 1125 950 sentire
1151 918 1186 951 et
1210 915 1315 962 loqui,
1348 927 1458 961 neque
1484 918 1616 951 tantum
1643 927 1698 951 va-

103 975 172 1010 lere
197 974 346 1020 ingenio,
372 975 409 1008 ut
433 984 503 1007 non
527 974 696 1017 appareat,
724 972 806 1018 quid
831 972 979 1017 cupiat“‚
1006 972 1063 1007 hic
1088 973 1130 1008 ad
1155 973 1309 1008 Atticum
1335 973 1384 1019 (4,
1413 973 1467 1015 15,
1494 974 1551 1019 7):
1571 973 1696 1016 „Pom-

104 1032 200 1078 peius
225 1030 350 1073 fremit,
377 1030 538 1076 queritur,
574 1029 700 1065 Scauro
726 1029 857 1072 studet,
893 1030 952 1066 sed
985 1031 1099 1065 utrum
1124 1030 1237 1066 fronte
1263 1041 1306 1066 an
1339 1032 1454 1067 mente
1488 1030 1693 1067 dubitatur.“

105 1089 203 1133 Quod
228 1099 307 1123 cum
331 1088 366 1122 in
392 1087 506 1122 Caelio
532 1090 566 1123 et
591 1086 754 1123 Cicerone
780 1097 888 1133 aequo
914 1087 1026 1123 animo
1052 1087 1156 1123 ferret
1182 1087 1345 1131 Lenaeus,
1383 1089 1417 1123 in
1444 1087 1602 1131 Salustio,
1637 1089 1696 1134 qui

104 1156 214 1192 neque
240 1145 354 1181 animo
379 1144 603 1180 verecundior
627 1155 738 1191 neque
763 1144 901 1191 probior
925 1147 1015 1181 esset
1039 1145 1226 1191 Pompeio,
1252 1145 1344 1181 idem
1370 1145 1457 1181 ferre
1482 1156 1551 1181 non
1575 1145 1696 1191 potuit.

104 1205 153 1240 Ut
177 1205 282 1250 igitur
307 1202 510 1239 calumniam
535 1203 571 1237 in
597 1203 827 1238 adversarium
852 1203 1071 1243 transferret.
1108 1203 1309 1250 gravissima
1341 1203 1443 1239 satira
1469 1214 1548 1239 eum
1572 1203 1698 1240 lacera-

105 1262 163 1304 vit,
190 1264 292 1307 atque
316 1263 355 1296 ut
380 1261 532 1295 animum
558 1260 631 1295 eius
656 1261 922 1296 inverecundum
955 1261 1190 1307 prostitueret,
1233 1271 1312 1296 eum
1336 1260 1544 1304 lastaurum,
1586 1260 1698 1297 lurco-

104 1331 195 1362 nem,
222 1318 437 1362 nebulonem,
475 1319 748 1364 popinonemque
774 1319 842 1354 vita
873 1319 1020 1364 denique
1052 1321 1308 1354 monstruosum
1338 1318 1440 1361 dixit,
1479 1320 1517 1355 ut
1555 1319 1628 1355 eius
1660 1331 1699 1356 03

105 1377 299 1422 improbum
324 1376 427 1411 fuisse
453 1376 629 1420 probaret,
667 1376 771 1410 0110111
796 1376 931 1420 301111113
956 1386 1033 1410 011111
1059 1378 1315 1410 monstruosum
1341 1375 1436 1410 dixit.
1486 1375 1573 1411 Cum
1599 1376 1692 1412 enim

106 1434 153 1469 ita
177 1433 266 1468 seria
290 1435 324 1468 et
349 1444 465 1469 severa
488 1435 612 1475 essent,
639 1436 676 1468 ut
700 1433 856 1468 notiones
882 1433 1055 1468 censoriae
1089 1433 1124 1468 in
1149 1433 1191 1468 iis
1217 1432 1368 1468 exerceri
1386 1432 1591 1475 viderentur,
1618 1436 1699 1479 post

105 1491 212 1527 vitam
238 1490 341 1526 tantis
373 1490 465 1525 vitiis
491 1493 741 1526 monstruosam
775 1501 888 1525 nonne
922 1490 997 1536 ipsa
1033 1492 1250 1526 monstruosa
1290 1490 1358 1526 dici
1394 1490 1605 1536 potuerunt?
1646 1491 1695 1526 Ut

107 1550 220 1584 autem
247 1548 289 1583 de
315 1548 451 1584 dicendi
477 1558 604 1595 genere
629 1548 778 1590 adderet,
805 1547 840 1583 id
865 1548 957 1593 quod
981 1547 1084 1594 vulgo
1111 1548 1190 1583 vitio
1224 1547 1436 1583 tribuebatur
1462 1547 1608 1583 Salustio
1634 1548 1694 1595 (cf.

108 1606 236 1643 Teuff.²
260 1606 342 1649 204,
367 1606 405 1651 5)
433 1617 512 1642 eum
536 1608 714 1652 praeterea
739 1605 927 1652 priscorum
953 1605 1091 1641 Catonis
1128 1605 1245 1650 (Kritz.
1271 1605 1355 1652 prol.
1391 1616 1423 1651 p.
1451 1606 1486 1650 6)
1514 1606 1695 1642 verborum

104 1664 412 1700 ineruditissimum
438 1664 548 1700 furem
574 1663 764 1710 appellavit.
800 1664 913 1699 Verba
950 1664 1089 1709 quidem
1127 1664 1195 1700 irae
1230 1663 1409 1699 tribuenda
1433 1674 1510 1699 esse
1536 1664 1695 1706 concedo,

103 1723 162 1758 sed
188 1733 263 1758 rem
287 1722 493 1758 reiciendam
519 1733 594 1758 esse
618 1733 717 1769 nego.
768 1721 878 1757 Immo
904 1721 940 1757 in
966 1721 1164 1768 explicando
1190 1724 1223 1757 et
1248 1722 1467 1767 ponderando
1504 1721 1571 1757 hoc
1596 1721 1693 1757 testi-

104 1780 219 1815 monio
245 1779 466 1815 vehementer
491 1790 602 1815 errare
628 1779 713 1815 mihi
739 1779 872 1815 videtur
896 1779 991 1814 Kritz
1018 1779 1118 1825 (prol.
1146 1790 1178 1824 p.
1206 1780 1229 1814 6
1253 1778 1334 1825 3(1.).
1377 1779 1474 1823 Quod
1499 1779 1592 1814 enim¹
1616 1779 1696 1815 inde

104 1837 234 1883 coHigit
259 1838 433 1873 Lenaeum
459 1838 570 1883 ipsum
597 1837 799 1873 nebulonem
833 1837 1022 1872 maximum
1059 1839 1093 1872 et
1127 1837 1486 1872 maledicentissimum
1511 1836 1697 1872 calumnia-

104 1897 213 1930 torem
240 1895 356 1938 fuisse,
383 1906 452 1930 non
477 1896 523 1930 ita
547 1896 589 1930 de
615 1895 749 1930 Lenaeo
774 1894 965 1929 iudicarunt
998 1894 1127 1939 antiqui
1141 1894 1183 1940 Β).
1235 1894 1346 1938 Quare
1383 1905 1452 1929 non
1476 1894 1562 1929 nihil
1595 1896 1701 1952 agere

103 1952 188 1987 mihi
214 1952 341 1995 videor,
369 1963 447 1988 cum
474 1952 508 1987 in
533 1957 652 1987 eorum
678 1953 787 1987 castra
811 1962 867 1987 me
893 1951 1039 1993 confero,
1066 1951 1135 1997 qui,
1162 1951 1316 1997 quamvis
1343 1950 1529 1987 concedant
1554 1940 1701 1989 1110111ιῶ

103 2010 247 2045 fortasse
271 2011 307 2045 in
332 2010 553 2056 vituperando
578 2010 751 2044 Lenaeum
778 2009 951 2051 transisse,
979 2011 1093 2044 tamen
1119 2009 1190 2044 veri
1215 2008 1342 2055 aliquid
1367 2009 1506 2044 subesse
1532 2009 1605 2044 eius
1630 2010 1694 2045 cri-

102 2067 252 2103 minibus
277 2067 458 2103 affirmant.
508 2067 599 2103 Nam
637 2069 675 2102 ut
711 2068 827 2102 auctor
863 2066 1051 2102 invectivae
1089 2066 1125 2102 111
1162 2066 1348 2102 Salustium
1385 2066 1433 2102 ita
1469 2066 1625 2102 Lenaeus
1660 2067 1696 2103 in

105 2124 285 2160 scribenda
310 2125 414 2160 satira
438 2125 585 2171 aliquam
611 2124 877 2171 probalititatem
903 2126 1039 2160 secutus
1065 2135 1138 2160 esse
1163 2124 1249 2160 mihi
1274 2124 1415 2160 videtur.
1467 2123 1557 2169 Quid
1582 2128 1697 2161 autem

102 2188 246 2227 uterque
270 2183 420 2228 proferat
444 2184 526 2225 veri,
554 2183 639 2228 quid‘
661 2182 747 2225 falsi,
775 2183 858 2228 quid
883 2182 976 2217 dubii
1001 2193 1070 2217 non
1095 2184 1147 2217 est
1173 2181 1269 2216 facile
1294 2182 1336 2216 ad
1362 2182 1613 2228 investigandum
1637 2191 1696 2217 110-

103 2249 169 2285 que
194 2250 255 2286 pro
294 2242 387 2277 certo
421 2240 607 2287 disquirere
637 2240 780 2286 poteris,
819 2240 884 2276 nisi
921 2239 1055 2287 singula
1094 2239 1217 2275 horum
1258 2238 1401 2275 crimina
1438 2241 1517 2276 011111
1553 2238 1697 2288 singulis

103 2296 245 2333 aliorum
271 2299 476 2335 testimoniis
502 2303 535 2334 ct
562 2298 687 2334 Salusti
712 2299 817 2344 ipsius
843 2299 931 2334 vitae
956 2298 1140 2334 rationibus
1169 2296 1360 2333 contuleris.

219 2470 243 2505 ¹)
263 2469 343 2501 Sext.
363 2470 520 2508 Pompeius
540 2474 672 2500 mortuns
692 2473 737 2500 est
756 2479 782 2499 a.
804 2472 917 2507 719s35.

202 2526 241 2564 .²)
255 2524 296 2557 ef.
311 2523 407 2560 Teuff.
422 2523 629 2567 11011151,
648 2530 672 2560 1.
694 2524 769 2559 min.
791 2538 818 2560 n.
839 2528 867 2559 h.
890 2524 935 2567 25,
956 2527 976 2559 2¹
995 2527 1038 2565 (3)
1059 2528 1142 2561 5-7,
1165 2527 1241 2559 een.
1263 2537 1289 2557 n.
1311 2536 1336 2558 a.
1360 2528 1461 2566 17,16,
1482 2529 1500 2558 2
1518 2536 1559 2566 sq.
1582 2516 1694 2557 notai.
