1835 2802
107 146 183 185 asse
196 133 421 191 sedssiudices
445 136 613 183 peierasse
639 135 935 178 existimarentur,
974 137 1067 172 certe
1092 146 1159 172 non
1186 138 1254 178 est,
1295 146 1353 171 cur
1390 135 1445 172 his
1482 134 1587 171 fidem
1626 138 1696 171 lion

106 200 290 242 habeamus
313 194 511 240 praesertim
539 205 617 229 cum
643 193 845 229 turbulentis
876 192 943 228 illis
969 193 1139 228 Clodianis
1165 193 1374 238 temporibus
1399 194 1521 228 iudicia
1547 193 1694 228 maxime

1 266 33 293 λ’
64 278 81 285 -=
100 244 261 293 obnoxiis
285 251 390 287 fuisse
416 251 562 297 partium
589 250 710 286 studiis
735 250 947 297 exploratum
972 250 1017 285 sit
1027 250 1065 297 ¹).

222 310 276 347 Ita
299 320 412 355 neque
437 319 523 355 quae
547 309 701 355 proxime
726 311 916 354 sequuntur
941 308 1033 343 omni
1059 319 1100 344 ex
1125 311 1221 354 parte
1255 310 1334 343 sunt
1366 308 1536 344 reicienda
1561 308 1613 354 (in
1626 307 1694 344 Sal.

95 371 142 414 ’5,
169 368 248 413 15);
275 367 432 403 Primum
456 366 621 402 honorem
648 366 683 401 in
709 368 890 412 quaestura
915 366 1058 411 adeptus
1084 367 1220 401 secutus
1246 369 1298 401 est
1314 365 1407 401 hunc
1424 365 1536 401 locum
1553 368 1587 401 et
1603 365 1696 402 hunc

109 427 262 468 ordinem
288 424 475 470 (senatum)
502 425 674 469 despectu,
712 424 808 458 cuius
834 424 944 458 aditus
975 423 1038 457 sibi
1063 433 1196 468 quoque
1222 423 1456 458 sordidissimo
1481 422 1612 461 homini
1637 433 1695 468 pa-
1716 420 1723 423 ’

107 485 236 521 tuisset.
286 481 383 517 Licet
408 481 499 517 enim
532 481 613 516 huic
640 481 834 516 testimonio
872 480 1037 526 refragari
1075 480 1244 523 videatur,
1285 481 1375 527 quod
1413 480 1486 527 ipse
1528 479 1695 516 Salustius

106 541 193 587 (Ing.
219 541 251 582 4,
278 541 315 582 4>
341 549 459 574 eorum
484 541 678 584 temporum
704 539 834 573 senatui
860 538 1010 583 opponit,
1049 548 1136 582 quae
1160 548 1284 583 genera
1310 538 1489 573 hominum
1513 540 1631 583 postea
1656 538 1693 572 in

105 599 261 634 senatum
287 595 513 642 pervenerint,
541 598 657 631 tamen
681 606 724 630 ne
750 605 789 631 eo
815 595 954 641 quidem
979 596 1135 641 tempore
1152 597 1309 630 senatum
1327 594 1433 641 pluris
1450 605 1553 641 quam
1571 593 1694 630 Caesar

104 656 223 692 fecisse
249 655 438 690 censendus
464 657 518 689 est
542 653 718 689 Salustius.
759 652 867 689 Causa
883 653 988 699 igitur
1004 653 1234 699 despectionis
1251 653 1485 689 calumniatori
1504 653 1693 694 tribuenda,

105 724 159 749 res
181 723 250 748 non
277 713 328 747 est
352 711 532 747 reicienda.
584 711 652 746 Sed
690 721 757 756 quo
778 702 874 746 'facto
899 710 1033 746 dictove
1059 711 1251 756 despexerit
1284 713 1439 745 senatum
1465 721 1534 745 non
1560 713 1614 745 est
1638 720 1695 745 ex-

104 770 284 817 ploratum,
312 768 378 804 nisi
405 768 497 814 quod
522 768 678 815 proxime
705 768 859 814 sequitur
886 768 937 813 (in
963 767 1042 804 Sall.
1068 768 1102 811 5,
1130 767 1210 815 15):
1251 768 1363 814 itaque
1395 768 1539 811 timens,
1578 779 1623 804 ne
1648 767 1697 803 fa-

112 829 227 863 cinora
252 827 324 861 eius
350 826 437 861 clam
462 836 523 860 vos
548 828 672 868 essent,
712 836 790 860 cum
816 826 974 860 omnibus
1000 828 1149 860 matrum
1176 826 1382 861 familiarum
1407 826 1488 860 viris
1513 826 1695 871 opprobrio

104 886 203 925 esset,
230 881 407 918 confessus
434 885 485 917 est
510 882 606 917 vobis
631 882 848 917 audientibus
873 882 1077 918 adulterium
1103 893 1213 928 neque
1240 883 1375 918 erubuit
1401 893 1459 917 ora
1483 884 1603 918 vestra.
1642 882 1695 918 Eo

101 942 205 988 igitur
230 940 475 986 contempsisse
502 939 636 976 videtur
666 941 841 983 senatum,
881 940 972 985 quod
1011 939 1185 976 confessus
1223 943 1275 976 est
1312 940 1524 976 adulterium.
1576 941 1692 986 Atque

102 998 198 1034 nobis
223 1008 304 1032 sane
330 998 548 1032 inverecundi
574 997 680 1031 animi
705 1000 739 1031 et
764 998 1008 1042 contemptoris
1034 1008 1107 1032 esse
1125 998 1257 1032 videtur
1283 998 1436 1032 confiteri
1463 997 1574 1042 palam
1600 997 1694 1032 adul·
1723 1022 1726 1024 -

103 1055 237 1097 terium,
264 1065 345 1090 num
373 1054 535 1090 Romanis
561 1054 653 1090 idem
679 1054 788 1089 visum
815 1054 859 1090 sit
892 1055 1095 1101 praesertim
1132 1065 1172 1091 eo
1211 1057 1384 1101 tempore,
1428 1066 1495 1101 quo
1535 1054 1693 1098 „Servius

105 1112 218 1148 Ocella
237 1113 372 1156 ,nemini
397 1113 619 1157 persuasisset
643 1122 679 1146 se
705 1112 887 1147 moechum
914 1123 1000 1154 esse,
1028 1113 1092 1147 nisi
1118 1113 1229 1147 triduo
1256 1113 1308 1148 bis
1325 1113 1562 1158 deprehensus
1580 1115 1689 1147 esset“

104 1168 207 1215 (Cael.
234 1169 276 1205 ad
302 1168 372 1205 Cic.
399 1169 478 1204 fam.
508 1169 540 1212 8,
568 1169 614 1212 7),
642 1169 677 1204 in
703 1169 844 1204 dubium
869 1169 980 1205 vocari
1006 1172 1128 1215 potest.

216 1228 332 1272 Atque
357 1229 471 1262 actum
497 1237 572 1262 esse
598 1227 632 1262 in
657 1229 777 1262 senatu
803 1228 844 1262 de
870 1227 1036 1262 adulterio
1062 1227 1228 1272 malisque
1254 1227 1379 1262 Salusti
1413 1227 1564 1262 moribus
1590 1229 1625 1261 et
1650 1237 1693 1261 ex

102 1284 152 1328 iis,
180 1294 266 1331 quae
292 1283 334 1319 de
361 1284 513 1319 eiciendo
540 1283 685 1320 Curione
712 1286 786 1319 acta
811 1294 886 1319 esse
911 1286 1027 1320 narrat
1051 1284 1116 1320 Dio
1142 1283 1278 1320 Cassius
1313 1284 1393 1329 (40,
1420 1284 1485 1327 64,
1515 1284 1546 1329 1)
1585 1283 1693 1319 conici

103 1345 224 1388 potest,
266 1345 300 1378 et
338 1353 379 1378 ex
404 1342 470 1378 hoc
496 1343 682 1378 invectivae
709 1343 854 1378 auctoris
879 1342 1004 1388 illoque
1029 1343 1150 1378 Horati
1176 1343 1316 1388 eiusque
1342 1342 1620 1378 commentatoris
1646 1345 1694 1378 te-

102 1400 262 1435 stimonio
289 1399 477 1435 conficitur.
534 1400 611 1436 Sive
638 1400 727 1436 enim
755 1399 868 1446 palam
894 1400 1068 1445 professus
1094 1403 1148 1436 est
1173 1400 1386 1443 adulterium,
1427 1400 1497 1436 sive
1522 1399 1694 1435 libertina-

102 1468 177 1492 rum
202 1467 336 1493 amores
361 1457 552 1503 profitendo
579 1457 735 1492 adulterii
761 1457 891 1493 crimen
917 1469 935 1492 a
960 1468 997 1493 se
1023 1468 1200 1493 removere
1226 1460 1368 1493 conatus
1393 1461 1463 1500 est,
1503 1460 1594 1492 certe
1622 1459 1691 1492 tam

102 1513 254 1550 dissoluti
283 1515 387 1550 animi
413 1515 586 1560 professus
612 1518 663 1550 est
687 1515 821 1557 indicia,
849 1517 888 1549 ut
913 1518 1030 1550 senatu
1056 1518 1251 1550 moveretur
1276 1518 1310 1550 et
1335 1526 1354 1550 a
1379 1515 1513 1549 Lenaeo
1531 1524 1592 1559 per
1608 1514 1693 1548 iram

100 1570 266 1606 lastaurus
290 1572 358 1607 dici
382 1575 505 1617 posset.
557 1571 667 1616 Quare
691 1572 805 1608 nescio
831 1584 874 1607 an
899 1572 1022 1607 rectius
1047 1583 1150 1617 quam
1175 1572 1284 1607 Kritzi
1309 1575 1343 1607 et
1359 1571 1514 1607 Dietschi
1532 1571 1692 1606 standum

101 1628 145 1662 sit
170 1627 330 1663 Gerlachi
356 1631 389 1664 et
415 1628 558 1664 Teuffeli
576 1629 720 1671 iudicio,
748 1629 806 1674 qui
832 1628 1095 1664 adulescentiam
1123 1629 1247 1664 Salusti
1274 1629 1446 1674 vitamque
1482 1629 1516 1663 in
1556 1638 1592 1662 re
1630 1639 1691 1673 pu-

100 1683 187 1720 blica
210 1688 410 1731 occupatam
435 1685 627 1722 liberiorem
653 1686 757 1722 fuisse
784 1686 989 1722 existimant.

194 1743 291 1788 Quod
317 1745 432 1780 autem
456 1743 631 1779 lurconem
657 1746 691 1780 et
715 1744 919 1780 nebulonem
944 1745 1219 1791 popinonemque
1245 1755 1323 1780 eum
1349 1743 1432 1779 dicit
1449 1743 1603 1779 Lenaeus
1621 1754 1690 1778 non

100 1801 142 1835 ad
166 1801 313 1846 priorem
338 1801 449 1837 solum
474 1802 580 1837 vitam
604 1801 777 1848 publicam
802 1802 862 1838 sed
887 1803 929 1838 ad
953 1803 1178 1849 posteriorem
1217 1803 1320 1838 etiam
1358 1814 1377 1837 a
1416 1813 1452 1838 re
1478 1801 1613 1847 publica
1638 1812 1690 1836 re-

100 1860 227 1894 motam
252 1859 469 1895 referendum
501 1871 575 1896 esse
600 1860 800 1905 putaverim.
840 1859 933 1896 Bene
959 1861 1050 1896 enim
1076 1861 1140 1896 hac
1165 1861 1201 1896 in
1226 1871 1263 1896 re
1281 1860 1416 1896 Lenaeo
1434 1859 1591 1895 convenit
1612 1870 1692 1894 cum

99 1915 346 1962 Pmphyrione,
373 1917 431 1962 qui
457 1917 501 1952 ad
524 1917 607 1953 Hor.
636 1917 742 1953 Serm.
771 1919 801 1960 1,
832 1919 862 1959 1,
900 1918 969 1953 102
994 1918 1079 1953 haec
1104 1918 1293 1953 adnotavit:
1338 1917 1467 1959 „Huius
1478 1916 1503 1960 2)
1530 1916 1691 1951 libertum

102 1972 227 2017 (Acroz
247 1975 408 2020 coquum)
428 1974 573 2009 Damam
591 1974 728 2010 nomine
742 1973 907 2010 Salustius
920 1974 1058 2021 Crispus
1075 1975 1295 2010 historiarum
1313 1974 1457 2019 scriptor
1481 1973 1589 2008 fertur
1614 1983 1692 2008 cen·
1721 2016 1723 2019 Ι

99 2030 186 2066 161115
212 2031 349 2068 milibus
374 2032 495 2068 annuis
523 2032 628 2077 (Acro
654 2032 782 2075 omisit)
807 2033 1014 2068 conductum
1039 2032 1271 2078 habuisse.“³)
1303 2031 1399 2076 Quod
1417 2042 1493 2066 cum
1512 2030 1690 2076 opulentae

102 2088 213 2134 magis
238 2089 326 2125 vitae
351 2092 385 2125 et
411 2089 612 2136 tranquillae
639 2089 824 2133 conveniat,
853 2100 956 2136 quam
981 2091 1128 2136 partium
1162 2090 1284 2125 studiis
1310 2089 1498 2134 exagitatae
1526 2089 1686 2134 equidem

100 2155 169 2180 11011
200 2146 296 2192 (00111
322 2147 469 2182 Gerlach
502 2158 535 2193 p.
562 2146 662 2182 XVII
695 2146 801 2183 Teuff.
834 2147 900 2182 Sal.
931 2149 961 2189 1,
987 2149 1020 2190 3,
1057 2159 1087 2193 p.
1115 2149 1155 2194 2)
1194 2149 1235 2183 ad
1274 2146 1539 2181 adulescentiam
1578 2157 1690 2192 neque

100 2203 141 2237 ad
168 2203 272 2239 vitam
298 2205 470 2250 publicam
496 2205 556 2240 sed
581 2205 624 2239 ad
650 2216 688 2240 ea
717 2206 868 2250 tempora
893 2205 1093 2248 rettulerim,
1121 2206 1242 2251 quibus
1268 2206 1418 2239 remotus
1445 2215 1464 2238 a
1489 2215 1526 2238 re
1554 2203 1690 2249 publica

98 2259 203 2295 vitam
227 2261 263 2296 in
287 2261 411 2298 litteris
438 2264 636 2307 occupatam
663 2261 733 2308 egit
758 2261 793 2297 in
827 2261 936 2297 hortis
969 2262 1035 2298 illis
1069 2261 1336 2308 pretiosissimis,
1377 2271 1462 2306 quos
1501 2260 1688 2297 Salustium

98 2316 161 2351 sibi
187 2319 331 2363 pecunia
356 2320 391 2355 in
417 2320 589 2365 provincia
614 2319 755 2355 collecta
781 2330 993 2365 comparasse
1027 2331 1128 2365 supra
1160 2318 1432 2355 memoravimus.
1484 2318 1598 2364 Atque
1633 2319 1690 2355 siti

213 2452 235 2488 ¹)
255 2451 348 2490 Lang.
370 2454 407 2483 A.
428 2453 465 2483 R.
484 2453 537 2483 111.
559 2454 624 2484 293.

212 2508 235 2546 ²)
255 2509 289 2540 L.
312 2510 394 2541 Casti
413 2510 601 2549 Nomentani,
622 2510 752 2541 lurconis
779 2511 854 2541 adeo
879 2511 941 2541 sine
966 2514 1102 2550 respectu
1129 2512 1271 2542 bonorum
1300 2512 1428 2551 prodigi,
1461 2516 1494 2542 ut
1521 2512 1689 2544 sestertium

97 2552 275 2594 septuagies·
288 2559 377 2595 gulae
397 2568 434 2589 ac
454 2559 571 2589 libidini
591 2559 782 2596 impenderet.

212 2613 236 2651 ³)
256 2613 465 2646 Orelli-Baiter
484 2616 524 2646 ad
544 2616 599 2647 loc.
621 2616 656 2647 cf.
679 2616 814 2647 Lubker⁴
833 2625 856 2648 s.
877 2626 902 2646 v.
925 2616 1137 2649 Nomentanus.
