1835 2802
216 210 230 244 t
255 207 309 254 (in
333 204 420 241 Tull.
447 205 487 248 2,
515 205 628 248 3-4,
656 204 712 248 7.).
763 203 872 250 Quare
898 205 967 241 sint
999 216 1080 242 sane
1106 206 1386 252 calummiatoris,
1426 220 1512 255 quae
1547 208 1634 245 alter
1658 208 1706 244 al-

142 259 223 304 ‘rum
247 265 284 301 in
308 263 453 311 pueritia
477 273 638 309 peccasse
662 263 813 308 incusat;
847 274 916 299 non
951 263 1224 300 confirmaverim
1250 264 1448 302 Ciceronem
1473 265 1704 313 eloquentiam

18 392 59 422 ,ff
112 382 241 427 (anlio
252 380 303 427 ‘?);
342 390 410 414 non
436 379 667 414 contenderim
694 379 879 415 Salustium
903 379 990 415 nihil
1015 379 1106 415 aliud
1131 381 1299 416 studuisse
1334 382 1398 416 nisi
1423 382 1474 416 uti
1498 381 1702 417 lutulentum

5 431 22 484 J
111 450 207 476 suem
233 448 311 474 cum
336 436 455 482 quovis
480 435 641 479 volutari;
679 439 713 471 at
737 436 820 472 illud
845 439 970 478 tamen,
1005 437 1096 483 quod
1127 439 1178 472 est
1203 438 1237 473 in
1264 438 1432 473 invectiva
1456 439 1491 473 in
1518 437 1702 474 Salustium

0 487 23 520 ’ἶ
44 507 57 543 χ
110 497 160 547 (5,
189 496 258 540 14),
279 493 474 530 Salustium
500 494 640 529 domum
666 496 843 539 paternam
869 495 944 530 vivo
969 496 1066 540 patre
1092 495 1245 530 venalem
1271 495 1441 538 habuisse,
1471 507 1550 531 cum
1575 506 1616 531 ex
1634 495 1703 531 Ho-

112 554 196 591 ratio
222 552 346 595 (Serm.
377 552 407 593 1,
434 551 467 593 2,
494 551 554 587 552
582 553 617 586 et
642 562 682 586 ex
708 552 827 587 eadem
852 552 1021 587 invectiva
1045 552 1094 597 (7,
1123 553 1181 594 19)
1208 553 1317 588 conici
1342 553 1460 598 possit,
1488 553 1577 588 facto
1603 552 1702 588 alicui

109 612 173 649 niti
196 609 282 646 mihi
308 608 450 645 videtur.
501 608 598 644 Licet
635 609 736 650 enim,
775 620 853 645 cum
891 610 944 645 ius
978 610 1112 646 emendi
1148 612 1182 646 et
1207 611 1372 647 vendendi
1408 611 1584 657 proprium
1609 613 1702 647 esset

37 666 41 670 ⁸
110 669 215 716 patris
240 666 383 702 familias
395 666 437 711 ⁸),
463 669 558 712 patre
584 669 641 702 aut
666 667 771 702 inscio
797 661 853 702 aut
887 668 992 703 invito
1025 678 1135 713 neque
1173 669 1318 703 vendere
1343 669 1531 714 quidquam
1555 669 1704 714 potuerit

110 736 220 773 neque
244 723 362 761 venale
400 724 536 765 habere,
576 726 691 760 tamen
717 724 902 760 Salustium
940 723 1193 761 adulescentem
1229 724 1333 771 (lauto
1367 726 1458 762 victu
1484 728 1518 762 et
1542 725 1635 762 cultu
1659 738 1703 762 an

109 784 241 821 luxuria
266 785 301 818 et
324 782 521 818 libidinibus
546 794 587 818 an
615 783 767 828 utrisque
793 795 862 819 non
887 785 941 818 est
966 783 1194 829 compertum)
1210 786 1341 819 tantum
1368 796 1425 819 aes
1449 784 1597 820 alienum
1623 795 1703 820 con-

111 841 254 877 traxisse
278 838 453 885 probabile
478 841 541 881 est,
569 842 695 885 quanto
721 842 759 874 ut
784 840 892 875 filium
917 840 1095 883 liberaret,
1135 841 1233 886 eique
1266 852 1307 876 ex
1340 840 1568 886 pernobilium
1593 844 1627 876 et
1652 841 1702 876 di-

112 899 219 935 vitum
244 896 511 933 adulescentium
539 897 782 933 consuetudine
807 897 954 934 honores
978 898 1115 944 petendi
1141 899 1175 933 et
1200 898 1406 944 adipiscendi
1424 898 1548 934 faceret
1564 897 1703 934 faculta-

112 960 182 992 tem
200 955 367 998 (Dietsch.
394 954 517 999 praef.³
544 966 576 999 p.
604 955 652 1000 7),
693 956 832 990 domum
870 957 966 1000 pater
1004 958 1062 990 aut
1087 957 1223 990 coactus
1256 956 1426 996 venderet,
1466 958 1524 991 aut
1548 955 1703 991 venalem

108 1013 260 1049 haberet.
310 1010 395 1046 Inde
420 1011 518 1047 facile
544 1012 621 1046 oriri
648 1012 757 1057 potuit
782 1013 943 1058 suspitio,
982 1013 1068 1048 mori
1094 1013 1243 1058 coegisse
1268 1015 1417 1058 patrem,
1455 1024 1523 1059 quo
1548 1014 1701 1049 nondum

110 1072 243 1107 mortuo
267 1080 328 1115 pro
353 1069 499 1104 haerede
525 1070 670 1115 gesserit
695 1070 809 1105 omnia'
833 1070 882 1113 (in
908 1069 974 1106 Sal.
1002 1072 1034 1111 5,
1063 1070 1133 1116 14).
1197 1108 1199 1111 ,

223 1127 339 1172 Atque
364 1126 452 1161 hanc
478 1127 588 1171 ipsam
613 1127 838 1162 adulescentis
864 1127 988 1163 Salusti
1014 1127 1119 1162 vitam
1144 1130 1260 1163 notare
1279 1127 1365 1162 mihi
1382 1127 1515 1163 videtur
1532 1127 1698 1170 Lenaeus,

111 1196 188 1222 cum
214 1195 291 1220 eum
317 1183 514 1227 lastaurum,
541 1184 725 1227 lurconem,
758 1184 950 1221 nelulonem
976 1185 1251 1232 popinonemque
1277 1185 1375 1228 dicit,
1415 1196 1520 1231 quare
1546 1188 1579 1222 et
1603 1185 1701 1222 luxu-

110 1244 159 1279 ria
183 1245 218 1278 et
242 1242 333 1277 lauto
359 1242 449 1277 victu
475 1252 546 1277 rem
573 1242 773 1280 familiarem
800 1242 988 1289 perdidisse
1006 1242 1191 1278 Salustium
1217 1243 1490 1279 existimaverim.
1541 1242 1701 1279 Lastauri

110 1301 200 1337 enim
226 1300 363 1336 nomine
389 1300 463 1335 sine
488 1300 590 1335 dubio
616 1300 792 1336 libidinem
818 1311 947 1347 eanque
971 1312 1039 1336 non
1070 1300 1255 1336 humanam
1289 1301 1445 1347 designat
1482 1301 1573 1344 (vide
1606 1301 1699 1347 Pape

112 1370 138 1394 s.
164 1370 194 1393 v.
221 1357 458 1404 λάσ-ταυρος),
494 1358 668 1393 lurconem
694 1361 808 1393 autem
834 1361 867 1394 et
892 1358 1095 1394 nebulonem
1122 1359 1396 1405 popinonemque
1422 1361 1561 1404 propter
1582 1358 1699 1405 gulam

110 1427 177 1452 non
202 1415 406 1462 profundam
432 1416 534 1451 modo
569 1416 628 1451 sed
661 1416 937 1462 intempestivam
971 1427 1105 1463 quoque
1135 1427 1174 1452 ac
1207 1416 1378 1451 sordidam
1414 1416 1505 1452 dicit.
1557 1416 1625 1452 Sed
1658 1427 1702 1452 ne

111 1474 255 1509 nimium
282 1473 470 1508 tribuamus
495 1473 550 1508 his
576 1473 774 1509 criminibus
799 1474 927 1509 faciunt
952 1484 1001 1516 ea,
1029 1485 1115 1520 quae
1142 1474 1324 1509 Suetonius
1350 1473 1460 1518 (Caes.
1478 1474 1633 1515 49-52)
1659 1474 1702 1511 de

110 1531 146 1568 O.
174 1531 324 1567 Caesaris
348 1531 499 1566 moribus
525 1531 689 1577 exposuit.
741 1531 827 1566 Cum
853 1532 945 1567 enim
970 1532 1004 1567 O.
1034 1531 1222 1573 Gaesarem,
1250 1542 1352 1577 quem
1376 1532 1520 1567 summis
1544 1531 1702 1567 laudibus

112 1589 242 1625 extollit
267 1588 444 1630 Salustius,
460 1587 572 1623 Curio
597 1591 694 1634 pater
719 1589 870 1624 oratione
896 1589 1053 1634 quadam,
1077 1589 1249 1631 „omnium
1275 1588 1457 1624 mulierum
1481 1590 1603 1629 virum,
1630 1599 1702 1624 om-

109 1647 202 1683 nium
228 1646 377 1682 virorum
403 1645 604 1681 mulierem“
630 1645 859 1692 appellaverit,
886 1658 970 1682 num
995 1657 1082 1693 quae
1108 1646 1255 1683 Salustio
1281 1646 1529 1692 exprobrantur
1552 1648 1611 1682 aut
1637 1646 1702 1682 rei-

108 1706 246 1747 ciemus,
274 1706 332 1740 aut
356 1714 491 1739 summo
518 1704 599 1739 vitio
624 1704 838 1740 tribuemus?
888 1704 1094 1740 Praesertim
1119 1715 1198 1740 cum
1222 1704 1296 1750 ipse
1321 1703 1502 1747 Salustius,
1542 1705 1601 1740 ubi
1627 1705 1701 1740 eius

110 1763 243 1799 animus
269 1773 311 1799 ex
336 1762 452 1797 multis
477 1762 625 1797 miseriis
651 1765 684 1797 et
708 1761 869 1808 periculis
895 1763 1071 1809 requievit,
1098 1763 1141 1798 de
1165 1761 1265 1798 malis
1283 1773 1399 1798 eorum
1418 1764 1611 1809 temporum
1629 1773 1701 1798 mo-

70 1832 78 1840 ·
106 1821 200 1856 ribus
226 1822 452 1866 conqueratur
478 1822 510 1855 et
535 1819 623 1855 111101
648 1821 742 1855 tanta
766 1820 848 1855 vitia
872 1820 1079 1856 imbecillam
1104 1822 1250 1855 aetatem
1283 1820 1466 1856 ambitione
1500 1822 1695 1866 corruptam

107 1888 182 1913 esse
205 1877 406 1923 profiteatur
432 1876 518 1922 (Cat.
545 1878 578 1920 3,
603 1877 654 1923 4).

221 1926 410 1981 At'lapsus
435 1935 554 1971 aetatis
579 1935 736 1970 tirocinio
761 1938 880 1981 postea
905 1946 941 1970 se
966 1946 1034 1970 non
1061 1935 1214 1978 correxit,
1243 1935 1303 1970 sed
1329 1934 1413 1970 abiit
1437 1935 1473 1970 in
1498 1934 1698 1970 sodalicium

108 1992 264 2040 sacrilegi
288 1992 475 2040 Nigidiani,
513 1992 566 2029 bis
604 1992 725 2028 iudicis
762 1993 806 2028 ad
830 1992 988 2029 subsellia
1018 1994 1181 2028 attractus
1206 1994 1360 2028 extrema
1384 1992 1519 2027 fortuna
1544 1991 1640 2027 stetit
1664 1994 1699 2027 et

109 2050 156 2085 ita
181 2051 355 2093 discessit,
394 2053 432 2086 ut
468 2062 536 2086 non
561 2050 619 2086 hic
643 2051 807 2086 innocens
833 2061 917 2093 esse,
957 2050 1017 2085 sed
1054 2050 1183 2085 iudices
1219 2050 1388 2095 peierasse
1426 2044 1701 2085 existimarentur

109 2107 161 2153 (in
186 2107 254 2144 Sal.
281 2108 315 2151 5,
345 2108 416 2155 14).
467 2108 578 2144 Huius
616 2107 768 2144 criminis
801 2119 888 2154 quae
914 2108 956 2144 ad
986 2107 1175 2143 litterarum
1202 2107 1351 2143 studium
1377 2106 1501 2143 Salusti
1526 2106 1698 2152 pertinere

106 2165 308 2202 videbantur
332 2166 467 2213 supra³)
493 2166 721 2212 exposuimus
760 2176 845 2212 quae
880 2167 923 2202 ad
957 2165 1194 2212 philosophica
1224 2166 1403 2211 praecepta
1427 2166 1583 2210 spectant
1608 2164 1697 2200 infra

33 2232 36 2235 ·
107 2223 336 2267 tractabimus,
363 2224 429 2260 hoc
454 2224 529 2260 1000
555 2225 589 2260 111
615 2235 664 2267 ea,
692 2235 777 2270 quae
803 2225 845 2260 ad
871 2234 984 2259 mores
1009 2224 1196 2270 pertinent,
1223 2223 1444 2269 inquiramus.

219 2282 334 2328 Atque
368 2282 412 2317 ad
436 2282 595 2318 Publium
629 2282 880 2328 Nigidi(an)um
917 2281 1080 2328 Figulum
1116 2280 1332 2317 referendum
1368 2290 1443 2315 esse
1481 2279 1700 2327 sacrilegium

107 2337 330 2385 Nigidianum
363 2340 522 2376 omnibus
554 2340 624 2376 fere
658 2339 871 2386 exploratum
897 2342 959 2375 est.
1012 2339 1104 2375 Haec
1138 2341 1249 2374 autem
1277 2338 1318 2373 de
1352 2348 1393 2374 eo
1419 2338 1592 2374 adnotavit
1616 2338 1699 2374 Hie-

105 2405 269 2441 ronymus
302 2397 345 2432 ad
370 2397 452 2433 Eus.
480 2397 605 2433 Ohron.
633 2409 709 2433 ann.
745 2398 829 2434 Abr.
860 2398 952 2433 1972
977 2395 1203 2443 (=709s45)2
1242 2395 1403 2442 Nigidius
1442 2395 1586 2443 Figulus
1624 2395 1699 2442 Py-

220 2549 242 2585 ¹)
263 2549 320 2586 Qui
340 2551 474 2587 aequalis
493 2551 550 2580 fuit
570 2550 624 2587 Qu.
645 2550 787 2579 Hortensi
807 2554 873 2579 octo
893 2534 986 2579 annos
1006 2549 1124 2578 maioris
1144 2552 1217 2578 natu
1238 2549 1386 2579 Cicerone.
1407 2548 1449 2578 Cf.
1468 2549 1551 2578 Brut.
1570 2550 1616 2586 64,
1634 2549 1699 2579 230.

34 2632 36 2634 .
220 2595 245 2632 ¹)
264 2595 358 2635 Lang.
378 2598 415 2628 A.
437 2597 473 2628 R.
494 2598 516 2627 I.
537 2607 566 2636 p.
588 2598 643 2629 132
663 2606 705 2635 sq.

15 2650 33 2672 a
49 2657 74 2665 -ι
114 2679 117 2683 ,
220 2642 245 2682 ⁸)
265 2642 312 2675 De
331 2644 394 2675 vita
415 2644 446 2677 C.
466 2645 525 2677 Sal.
543 2645 613 2685 Cap.
634 2645 670 2677 V.
692 2654 720 2685 p.
742 2645 787 2677 20.

111 325 203 374 apud
234 322 283 360 M·
309 321 470 357 Pisonem
484 321 509 367 ¹)
542 321 725 367 pudicitiae
757 322 886 358 iactura
917 321 1156 368 perdidicisse,
1196 333 1272 358 eam
1304 323 1473 370 flagitiose
1506 324 1701 360 venditasse
1768 325 1773 326 ⁷
1798 313 1835 354 ⁷²⁵

1807 1583 1816 1592 ‚A
1798 1554 1803 1560 1
1816 1475 1817 1478 Α
1804 1422 1817 1431 f*
1811 1268 1813 1270 -
1812 1106 1819 1113 μ

1817 1498 1835 1590 tamn-,⁴2
1813 1373 1835 1488 „ax-123¹..
1826 1349 1835 1362 ,ν
1820 1318 1823 1321 ’
1819 1227 1835 1284 axia
1816 1178 1835 1208 ρ’..
1830 1164 1833 1165 1
1821 1111 1835 1133 m
1822 1073 1835 1102 τ.-

1816 1995 1835 2015 „t
1812 1917 1835 1988 dn*
1816 1769 1835 1910 ’,β-ἵωηςᾙ.
1817 1647 1835 1756 ussus
1828 1629 1835 1638 .
1823 1611 1835 1617 r.
1829 1592 1835 1598 .

1804 2622 1835 2802 {anasum
1806 2446 1835 2617 «0111111111.
1813 2360 1835 2439 ,ἅμ
1817 2286 1835 2355 ω,
