1835 2802
233 103 287 176 et,
303 109 363 168 aut
386 131 415 168 si
439 131 558 181 habuit
581 131 732 178 proferre
754 101 873 175 noluit,
908 132 1113 182 praesertim
1146 144 1225 169 cum
1250 133 1523 180 sapientissimus
1550 107 1758 195 quinques}
1758 128 1808 193 {3

0 176 31 244 ‘fa
102 189 258 232 maximis
283 191 318 225 et
341 189 551 237 gravissimis
577 189 845 225 dubitationibus
869 189 1034 226 obnoxius
1059 190 1192 226 fuerit?

214 249 330 295 Atque
354 247 418 285 has
443 248 536 295 ipsas
561 248 788 285 dubitationes
812 248 849 284 in
874 258 977 284 causa
1001 248 1106 285 fuisse
1131 249 1329 296 putaverim,
1356 260 1415 286 cur
1432 248 1603 286 Salustius
1620 238 1697 285 tan-
1767 273 1812 291 „2

104 311 177 344 tum
203 306 368 342 tribueret
391 305 529 353 gloriae.
572 306 621 341 Ut
645 305 738 341 enim
762 305 881 342 Cicero
906 306 965 352 qui
990 308 1026 342 et
1049 306 1124 353 ipse
1149 307 1191 343 de
1216 307 1285 343 vita
1309 309 1388 353 post
1411 309 1557 343 mortem
1581 304 1698 343 futuri
1754 317 1802 349 52>

102 364 249 403 maxime
274 364 444 400 dubitavit
454 364 479 408 ¹)
505 364 541 399 in
566 363 717 400 oratione
742 374 802 410 pro
827 363 957 400 Archia
980 362 1123 400 mullam
1148 364 1248 400 aliam
1272 364 1426 410 laborum
1450 363 1697 412 periculorum·
1770 358 1811 381 *

106 432 172 469 que
197 422 393 457 mercedem
418 421 610 457 desiderare
635 421 814 464 virtutem,
852 432 956 467 quam
980 421 1089 457 laudis
1117 424 1152 458 et
1176 422 1322 469 gloriae,
1370 433 1436 468 qua
1468 423 1606 468 quidem
1639 423 1699 459 de·
1721 416 1746 454 s
1784 434 1818 469 ᾗ,

101 481 243 516 tractata
259 490 328 515 non
345 489 420 514 esse
438 478 530 525 quod
554 478 589 513 in
614 477 681 513 1100
706 480 776 514 tam
802 478 924 525 exiguo
941 479 1030 514 vitae
1056 479 1222 515 curriculo
1247 482 1282 516 et
1307 481 1376 515 tam
1401 480 1495 515 brevi
1512 480 1615 515 tantis
1632 490 1695 515 nos
1752 471 1796 492 *

102 539 138 575 18
164 537 335 573 laboribus
360 547 594 579 exerceamuS,
634 536 717 572 dicit
749 536 828 583 (pro
852 536 958 573 Areh.
988 537 1052 580 11,
1088 537 1133 574 28
1167 537 1242 573 coll.
1272 537 1326 580 12,
1354 536 1433 583 30),
1468 537 1515 573 118
1549 537 1724 573 Salusti01

99 595 177 631 finis
202 594 356 630 omnium
379 594 548 629 bonorum
573 595 626 629 est
650 593 759 640 gloria
784 596 885 640 atque
910 594 939 629 is
975 595 1116 630 demum
1149 595 1261 631 vivere
1297 595 1449 637 videtur,
1488 595 1546 640 qui
1581 594 1695 641 aliquo
1752 580 1818 646 fi?

101 652 239 700 negotio
263 652 414 688 intentus
440 650 603 698 praeclari
628 651 789 687 facinoris
816 654 874 687 aut
899 652 981 687 artis
1006 652 1115 688 bonae
1141 652 1269 689 famam
1305 652 1439 699 quaerit
1469 650 1560 698 (081.
1586 652 1620 694 2,
1645 651 1695 698 9).

102 711 175 755 Quo
200 710 232 745 ei
258 710 385 745 rectius
411 710 545 745 videtur
569 710 685 756 ingeni
710 720 813 755 quam
839 710 961 745 virium
988 711 1109 755 opibus
1139 710 1284 757 gloriam
1318 719 1493 756 quaerere·
1508 712 1542 745 et
1565 719 1697 746 memo-

98 769 185 804 riam
212 767 264 802 sui
290 777 393 812 quam
418 766 565 801 maxime
590 765 730 812 longam
755 765 891 801 efficere
917 766 1005 813 (Cat.
1035 768 1067 809 1,
1093 767 1144 813 3.)
1178 770 1213 803 01
1237 779 1278 803 eo
1303 766 1551 813 magnitudinis
1575 776 1695 812 proce-

99 827 187 868 dere,
214 825 273 861 ubi
297 835 359 871 pro
384 823 520 860 mortali
544 823 652 871 gloria
677 825 834 860 aeternus
859 823 920 860 fiat
945 824 1034 871 (lug.
1063 825 1093 869 1,
1120 824 1168 868 5).
1208 824 1281 869 Quo
1307 824 1388 861 licet
1422 823 1527 860 animi
1554 823 1694 860 immor-

99 883 262 919 talitatem
288 882 324 918 18
348 881 457 928 gloria
480 881 626 928 positam
652 892 726 917 esse
752 892 820 917 non
846 883 961 928 aperte
986 882 1087 925 dicat,
1127 885 1242 918 tamen
1267 885 1306 918 ut
1330 881 1448 918 Cicero
1473 892 1536 927 pro
1564 880 1695 917 Archia
1763 899 1823 934 34.

100 941 182 990 (12,
208 940 269 983 30)
303 939 502 975 memoriam
537 939 780 985 sempiternam
808 941 894 985 post
927 941 1072 975 mortem
1110 951 1129 975 a
1167 950 1269 976 808811
1308 950 1377 975 808
1414 939 1584 975 afuturam
1623 949 1698 975 esse

99 1001 205 1036 immo
230 998 304 1034 fore
330 999 368 1033 ut
392 997 560 1044 pertineat
585 997 628 1033 ad
652 996 801 1044 aliquam
827 997 931 1033 animi
955 1000 1090 1045 partem
1123 1000 1247 1045 sperat.
1299 998 1416 1044 Atque
1449 1008 1469 1033 8
1500 995 1695 1033 Stoicorum
1765 987 1818 1009 ’”

98 1055 279 1099 8081011118,
306 1066 453 1101 quorum
479 1055 537 1101 qui
563 1055 772 1091 severissimi
798 1057 894 1090 erant
918 1066 961 1091 ne
987 1056 1133 1102 digitum
1159 1057 1299 1102 quidem
1324 1056 1433 1091 bonae
1457 1055 1567 1090 famae
1593 1065 1694 1090 causa
1788 1049 1806 1070 ἕ

99 1113 346 1160 porrigendum
372 1123 447 1148 esse
473 1114 679 1148 censuerunt
703 1112 791 1158 (010.
819 1113 871 1148 (10.
897 1113 956 1149 fin.
983 1114 1016 1156 3,
1046 1114 1101 1156 17,
1127 1113 1201 1159 57),
1227 1114 1396 1149 diversam
1422 1122 1498 1148 0880
1523 1111 1614 1148 118110
1632 1111 1694 1149 Sa-

98 1171 177 1207 lusti
202 1171 245 1207 (10
270 1170 379 1217 gloria
404 1170 608 1207 sententiam
634 1169 776 1206 Dietsch
803 1170 859 1215 (ad
873 1169 946 1217 Iug.
964 1171 995 1214 1,
1009 1170 1051 1218 5)
1076 1171 1164 1208 bene
1190 1171 1373 1213 adnotavit,
1400 1169 1442 1206 ab
1466 1169 1695 1216 Empedoclea

97 1231 212 1265 autem
237 1227 456 1274 philosophia
479 1228 668 1274 profectam
693 1238 768 1264 esse
793 1239 855 1263 1108
881 1239 982 1274 supra
1007 1228 1237 1275 compluribus
1271 1228 1355 1264 locis
1389 1227 1520 1264 collatis
1553 1228 1693 1264 demon-

99 1287 290 1323 stravimus.

210 1344 295 1380 Inde
332 1344 430 1390 quasi
467 1354 509 1379 ex
546 1344 639 1380 fonto
677 1344 768 1387 fluit,
811 1344 917 1390 quid
951 1345 1002 1380 de
1026 1344 1267 1391 republica
1292 1333 1487 1381 senserit
1511 1343 1690 1381 Salustius.
1764 1380 1768 1382 ,

98 1402 183 1439 Eam
209 1402 302 1438 enim
330 1402 496 1448 optimam
521 1402 552 1438 ei
577 1401 685 1437 visam
718 1412 794 1438 esse
828 1402 877 1437 rei
910 1401 1066 1448 publicae
1104 1402 1335 1439 conditionem
1372 1402 1594 1438 manifestum
1630 1404 1693 1446 est,

97 1461 153 1496 ubi
181 1460 272 1505 quod
297 1460 530 1505 unusquisque
556 1461 731 1504 tamquam
756 1459 861 1495 finem
887 1460 1055 1495 bonorum
1080 1460 1232 1495 omnium
1258 1461 1355 1506 sequi
1380 1460 1491 1503 debet,
1517 1460 1553 1496 id
1571 1471 1692 1496 omnes
1788 1467 1795 1474 “

98 1517 187 1553 cives
214 1518 408 1563 sequantur,
435 1518 474 1552 ut
499 1516 604 1552 animi
628 1516 771 1562 imperio
797 1517 948 1562 corporis
981 1517 1118 1553 servitio
1151 1518 1262 1564 magis
1294 1519 1434 1553 utantur
1469 1516 1558 1564 (Cat.
1587 1517 1618 1560 1,
1644 1517 1706 1563 2),
1764 1521 1781 1523 ”
1795 1494 1809 1529 ‘5

97 1575 211 1622 ingeni
243 1575 354 1621 magis
381 1585 484 1620 quam
509 1574 632 1611 virium
658 1574 779 1620 opibus
805 1574 947 1621 gloriam
980 1577 1143 1621 quaerant
1168 1574 1257 1622 (081.
1290 1577 1321 1618 1,
1346 1575 1394 1619 3),
1425 1577 1464 1610 ut
1497 1575 1602 1611 animi
1629 1576 1695 1621 vir.

99 1635 153 1668 tus
178 1633 215 1667 in
239 1643 323 1678 pace
347 1632 394 1667 ita
419 1636 456 1667 ut
480 1632 516 1667 in
548 1631 635 1667 bello
670 1631 779 1667 valeat
814 1631 898 1677 (081.
925 1633 959 1675 2,
985 1633 1021 1678 3)
1047 1643 1158 1679 neque
1196 1644 1257 1678 pro
1293 1632 1408 1668 labore
1445 1632 1590 1677 desidia,
1628 1644 1692 1680 pro
1754 1631 1796 1677 ‘2

98 1690 304 1727 continentia
328 1691 362 1727 et
387 1690 556 1737 aequitate
580 1688 697 1726 lubido
723 1691 823 1737 atque
856 1690 1015 1737 superbia
1048 1690 1203 1734 invadat,
1230 1701 1277 1728 ne
1309 1690 1445 1727 fortuna
1477 1689 1580 1727 simul
1612 1701 1693 1728 cum

97 1749 249 1785 moribus
273 1749 473 1785 immutetur
498 1748 588 1795 (081.
614 1749 647 1791 2,
673 1748 724 1794 5).
775 1748 816 1784 In
841 1749 978 1795 optimis
1013 1749 1119 1795 igitur
1154 1749 1279 1785 civium
1311 1749 1464 1785 moribus
1500 1748 1564 1784 niti
1596 1750 1694 1795 putat

97 1806 262 1853 optimam
286 1805 337 1842 rei
360 1805 518 1852 publicae
542 1805 830 1841 constitutionem.
867 1806 983 1853 Atque
1009 1806 1182 1842 Romanae
1207 1806 1256 1842 rei
1281 1806 1436 1853 publicae
1461 1806 1709 1859 conditionem⁴

98 1864 262 1909 optimam
275 1863 382 1899 fuisse
396 1863 480 1898 dicit
497 1865 574 1898 ante
594 1863 838 1910 Carthaginem
857 1863 1005 1899 deletam
1026 1863 1114 1909 (081.
1126 1865 1158 1907 9,
1173 1866 1191 1900 1
1207 1875 1256 1910 sq.
1275 1864 1349 1911 Iug.
1367 1865 1424 1907 41,
1441 1865 1459 1900 l
1479 1864 1582 1910 sqq).
1601 1863 1694 1900 Nam
1758 1861 1808 1914 ,ῥξῗ

96 1920 187 1956 domi
212 1921 422 1970 militiaeque
446 1920 527 1957 boni
551 1931 666 1956 mores
693 1920 908 1963 colebantur,
947 1921 1127 1957 concordia
1161 1932 1338 1965 maxuma,
1378 1921 1520 1957 minima
1552 1920 1693 1958 avaritia
1716 1938 1723 1945 ·

96 1980 167 2013 erat
191 1978 282 2026 (Cat.
308 1979 341 2021 9,
370 1979 416 2021 1),
443 1979 555 2013 metus
580 1977 715 2014 hostilis
740 1978 775 2013 in
801 1979 898 2015 bonis
923 1979 1051 2015 artibus
1077 1979 1250 2015 civitatem
1274 1978 1443 2014 retinebat
1467 1977 1560 2025 (lug.
1570 1978 1692 2025 41,2).
1772 1985 1786 1992 ²

95 2035 162 2071 Sed
186 2037 246 2072 ubi
270 2036 385 2072 labore
410 2038 511 2082 atque
537 2036 665 2071 iustitia
697 2047 750 2072 res
784 2036 919 2082 publica
953 2037 1058 2072 crevit
1084 2065 1091 2072 .
1120 2065 1126 2071 .
1154 2063 1161 2071 .
1188 2065 1195 2073 .
1232 2035 1422 2083 Carthago,
1461 2034 1594 2072 aemula
1626 2036 1692 2072 im-

95 2094 167 2140 peri
192 2094 347 2137 Romani,
374 2094 416 2130 ab
443 2094 548 2140 stirpe
574 2094 720 2137 interiit,
760 2096 881 2130 cuncta
905 2095 1012 2130 maria
1037 2096 1215 2141 terraeque
1239 2093 1418 2140 patebant,
1458 2093 1587 2128 saevire
1621 2092 1691 2129 for·
1783 2133 1797 2140 Α,

95 2152 175 2187 111118
199 2162 238 2188 80
263 2152 408 2188 81180010
433 2152 547 2188 0111818
573 2151 686 2198 coepit
719 2151 808 2199 (Cat.
837 2152 892 2196 10,
922 2152 971 2199 1),
1007 2152 1145 2188 lascivia
1179 2154 1280 2198 atque
1314 2150 1474 2197 superbia
1507 2151 1689 2193 incessere,
1714 2189 1717 2190 ⁷
1783 2142 1797 2169 '²

95 2219 169 2244 mos
194 2210 342 2256 partium
368 2212 402 2246 et
427 2209 612 2246 factionum
638 2220 675 2245 ac
702 2210 824 2246 deinde
849 2210 1003 2246 omnium
1028 2209 1194 2246 malarum
1225 2209 1351 2245 artium
1385 2209 1477 2244 ortus
1508 2211 1562 2245 est
1599 2208 1687 2257 (Iug.

93 2266 149 2310 41,
178 2268 208 2303 1.
236 2268 299 2315 3.).
349 2267 509 2314 Namque
535 2278 677 2314 coepere
701 2267 861 2304 nobilitas
887 2268 1107 2315 dignitatem,
1147 2266 1292 2314 populus
1324 2266 1519 2303 libertatem
1551 2267 1588 2303 in
1611 2266 1690 2304 libi-

95 2323 209 2361 dinem
233 2328 376 2369 vertere,
403 2326 467 2362 sibi
492 2326 636 2373 quisque
661 2326 785 2362 ducere
820 2326 957 2363 trahere
982 2337 1100 2372 rapere
1127 2325 1215 2372 (Iug.
1242 2326 1299 2368 41,
1325 2324 1377 2372 5).
1429 2324 1592 2361 Ceterum
1628 2336 1690 2362 no·
1747 2374 1750 2377 ‚
1776 2370 1800 2382 ..-

93 2381 203 2420 bilitas
228 2383 374 2421 factione
399 2384 511 2432 magis
535 2384 694 2432 pollebat,
722 2384 914 2421 Grachiana
939 2384 1078 2420 victoria
1103 2395 1144 2420 ex
1168 2382 1321 2426 lubidine
1348 2394 1410 2419 sua
1428 2385 1482 2420 est
1498 2394 1570 2427 usa,
1597 2382 1688 2420 bello
1756 2386 1800 2416 -ssss

93 2438 307 2486 Iugurthino,
320 2453 394 2478 rem
418 2443 592 2488 publicam
616 2442 771 2478 venalem
808 2443 946 2484 habuit,
984 2442 1147 2488 populum
1177 2441 1300 2477 militia
1334 2444 1369 2477 et
1393 2442 1508 2487 inopia
1532 2441 1688 2488 urgebat,
1801 2448 1806 2455 ¹

88 2606 129 2662 «21
207 2585 230 2621 ι)
251 2585 293 2616 cf.
314 2586 357 2616 IV
376 2586 407 2616 in
428 2586 490 2617 cat.
512 2588 539 2625 4,
560 2588 586 2617 7.
608 2587 634 2617 8.
655 2587 682 2624 6,
704 2586 747 2617 11.
769 2595 797 2624 p,
818 2586 932 2616 Cluent.
953 2586 999 2624 61,
1021 2586 1084 2616 171.
1105 2594 1134 2623 p.
1162 2585 1229 2615 Mil.
1259 2586 1305 2624 37,
1327 2586 1394 2617 101.
1414 2585 1498 2616 Lael.
1519 2587 1546 2617 4.
1567 2585 1630 2616 cat.
1651 2593 1688 2616 111.

148 2638 211 2673 qu.

0 2727 66 2756 2375?ss-
104 2748 106 2752 ,

0 2755 18 2775 h?
37 2759 79 2775 ’ἢκ
96 2768 104 2778 ,-
136 2755 161 2775 2²⁴¹
177 2774 181 2778 ,
238 2773 241 2774 .

0 2771 143 2802 »eam-t:
158 2780 189 2800 (τ
240 2780 258 2794 ·-
