1835 2802
96 541 210 574 tantur
244 541 278 574 et
307 538 393 573 alter
421 537 515 573 alteri
550 539 695 573 tradunt.
747 538 803 573 Sic
842 538 985 573 Salustio
1023 539 1158 585 vigente
1191 541 1382 584 amputatae
1421 540 1605 574 sententiae
1649 541 1683 574 et

212 366 374 401 Omnium
399 367 546 411 denique
571 367 781 411 apertissime
806 367 943 412 quidem
970 367 1030 402 sed
1054 378 1123 402 non
1140 367 1324 402 iustissime
1342 368 1466 403 Salusti
1484 368 1683 403 brevitatem

94 423 231 459 ¹dicendi
256 423 425 468 vituperat
451 422 580 458 Seneca
605 422 842 468 Philosophus,
869 423 927 469 qui
954 423 1061 468 (epist.
1092 424 1145 465 19,
1171 423 1193 458 5
1219 423 1286 469 (=
1313 425 1394 464 114)
1430 425 1473 459 16
1498 428 1564 470 sq.)
1601 424 1685 460 haec

101 482 254 527 scripsit:
270 480 385 516 ‘Vitia
409 492 497 516 unus
522 480 643 526 aliquis
669 480 815 524 inducit,
837 481 918 516 2sub
945 492 1011 527 quo
1038 483 1118 516 tunc
1152 481 1344 527 eloquentia
1374 484 1441 516 est:
1481 482 1581 517 ceteri
1608 481 1685 517 imi-

99 596 201 632 verba
226 598 303 631 ante
328 597 559 641 exspectatum
585 596 739 631 cadentia
764 598 798 631 et
823 596 963 631 obscura
989 596 1134 631 brevitas
1159 597 1251 632 fuere
1277 607 1336 641 pro
1363 595 1462 630 cultu.
1515 597 1680 632 Aruntius

134 682 139 688 .
170 682 176 687 .
203 653 267 687 fuit
292 653 502 688 Salustianus
528 655 562 687 et
587 653 620 688 in
647 653 729 688 illud
753 664 861 698 genus
886 654 1005 688 nitens.
1059 654 1123 688 Est
1147 655 1234 698 apud
1261 654 1463 688 Salustium:
1491 654 1684 689 Exercitum

99 711 238 756 argento
273 710 369 745 fecit:
407 701 441 744 sd
475 711 528 745 est
561 710 724 755 peccunia
759 710 897 755 paravit.
948 710 1022 745 Hoc
1056 710 1220 745 Aruntius
1253 721 1365 745 amaro
1402 711 1530 755 coepit:
1568 712 1681 755 posuit

97 767 179 802 illud
205 768 362 802 omnibus
387 767 519 812 paginis
547 795 553 800 .
583 796 585 799 .
617 795 623 800 .
653 795 658 800 .
685 767 747 801 Ille
772 767 806 801 in
832 767 915 802 haec
942 767 1128 802 incidebat:
1155 770 1189 801 at
1214 768 1270 802 hic
1288 767 1343 802 illa
1360 769 1550 812 quaerebat.
1578 768 1683 803 Vides

100 826 223 866 autem,
250 824 333 869 quid
359 825 529 869 sequatur,
556 823 612 858 ubi
640 824 738 858 alicui
764 824 922 858 vitium
949 835 1009 869 pro
1036 824 1190 869 exemplo
1217 830 1269 858 est
1295 853 1300 858 .
1331 853 1335 857 .
1367 853 1372 859 .
1403 853 1408 858 .
1437 824 1533 868 Quod
1560 835 1680 869 oppro-

97 882 207 917 brium
233 882 390 927 equidem
417 892 485 916 non
510 881 556 916 ita
581 882 783 917 removerim
809 893 828 917 a
853 881 1009 923 Salustio,
1049 884 1086 916 nt
1124 892 1200 916 cum
1235 882 1415 917 Gerlachio
1449 882 1613 917 Senecam
1649 882 1680 916 id

97 938 181 973 falso
207 938 308 989 genio
334 938 458 973 saeculi
485 938 642 973 tribuisse
668 941 786 982 putem
814 939 917 982 (Gerl.
949 939 1039 973 1852
1064 939 1167 983 praef.
1195 950 1268 984 pag.
1288 939 1429 981 XXVI),
1457 939 1582 973 Salusti
1602 939 1683 973 vitia

99 995 202 1030 fuisse
217 995 309 1030 dicit
334 997 523 1041 amputatas
549 995 731 1030 sententias
758 998 791 1030 et
817 996 916 1030 verba
942 997 1019 1030 ante
1045 998 1277 1041 exspectatum
1312 995 1465 1030 cadentia
1498 998 1532 1030 et
1566 996 1685 1030 obscu-

101 1064 173 1088 ram
199 1053 418 1094 brevitatem,
446 1052 631 1088 Salustium
657 1064 695 1088 ea
721 1054 905 1088 induxisse:
940 1055 1069 1088 ceteros
1094 1053 1242 1088 imitatos
1269 1064 1341 1088 csse
1368 1057 1401 1088 et
1426 1053 1566 1088 alterum
1587 1053 1682 1088 alteri

101 1109 288 1145 tradidisse.
316 1109 363 1144 Et
387 1112 467 1144 sunt
491 1111 580 1156 apud
606 1110 789 1145 Salustium
813 1113 1005 1156 amputatae
1030 1110 1216 1145 sententiae
1242 1122 1308 1145 non
1326 1122 1431 1145 rarae.
1464 1110 1572 1145 Vitata
1589 1111 1679 1145 enim

98 1167 280 1203 artificiosa
305 1168 485 1203 verborum
512 1168 813 1213 comprehensione
840 1171 941 1213 atque
966 1168 1093 1203 ambitu
1120 1168 1318 1214 plerumque
1355 1179 1413 1213 per
1439 1169 1553 1203 brevia
1579 1168 1684 1203 incisa

96 1226 258 1271 procedit,
286 1226 458 1260 enuntiata
483 1236 582 1271 saepe
608 1226 716 1271 magis
741 1226 834 1260 iuxta
859 1225 1011 1267 collocat,
1038 1237 1141 1271 quam
1166 1225 1253 1260 inter
1279 1237 1314 1260 se
1340 1226 1518 1267 connectit,
1552 1226 1679 1260 nudam

100 1283 237 1318 omnino
264 1285 450 1328 ornatuque
477 1284 629 1328 quaesito
655 1283 851 1318 destitutam
878 1284 1011 1318 dicendi
1044 1284 1209 1318 rationem
1243 1284 1396 1328 sequitur
1434 1283 1547 1322 (Kritz
1579 1283 1681 1328 praef.

97 1351 129 1385 p.
159 1339 231 1386 19).
283 1340 369 1375 Sunt
395 1340 484 1385 apud
510 1351 586 1375 eum
613 1340 713 1375 verba
738 1343 815 1375 ante
841 1343 1074 1384 exspectatum
1100 1341 1263 1375 cadentia.
1315 1340 1409 1375 Licet
1445 1340 1534 1375 enim
1562 1351 1685 1385 aequa-

98 1397 265 1432 bilitatem
303 1398 536 1433 membrorum
573 1409 641 1433 non
674 1398 832 1443 neglegat
858 1408 967 1443 neque
993 1409 1087 1439 rem,
1124 1409 1190 1443 quo
1217 1398 1405 1433 accuratius
1432 1398 1608 1444 designet,
1648 1400 1685 1432 ut

99 1453 329 1489 Romanorum
355 1465 430 1490 mos
456 1457 516 1496 est,
556 1455 685 1489 duobus
712 1455 820 1489 verbis
845 1455 1037 1500 significare
1063 1458 1213 1497 recuset,
1255 1458 1365 1489 tamen
1404 1466 1577 1500 nunquam
1611 1454 1685 1499 plu-

100 1512 193 1547 ribus
218 1513 328 1548 verbis
354 1513 470 1555 utitur,
497 1524 598 1558 quam
625 1512 747 1558 quibus
773 1513 815 1548 ad
841 1524 894 1548 res
921 1515 1075 1548 accurate
1101 1513 1329 1559 designandas
1355 1523 1440 1558 opus
1466 1515 1526 1553 est,
1559 1523 1679 1558 neque,

98 1579 165 1617 quo
190 1570 405 1605 numerosius
430 1571 552 1605 cadant
577 1571 759 1611 enuntiata,
799 1571 833 1604 in
859 1570 926 1605 fine
952 1570 1063 1612 addit,
1102 1582 1187 1615 quae
1213 1571 1339 1604 auditui
1367 1571 1467 1604 modo
1494 1581 1561 1604 non
1588 1570 1684 1604 intel-

98 1618 199 1662 lectui
226 1626 381 1662 serviant.
433 1627 497 1662 Est
522 1627 668 1673 denique
694 1628 836 1663 obscura
862 1627 932 1662 cius
958 1628 1115 1669 brevitas,
1143 1628 1201 1662 sed
1228 1628 1257 1662 ei
1284 1628 1339 1672 qui
1367 1628 1460 1661 audit
1479 1628 1588 1668 modo,
1616 1638 1683 1661 non

97 1685 130 1718 ei
152 1684 211 1729 qui
237 1684 329 1729 legit.
382 1685 525 1719 Omissis
550 1686 640 1720 enim
666 1685 865 1726 levioribus,
905 1697 990 1730 quae
1016 1685 1068 1720 vel
1093 1685 1205 1719 minus
1239 1686 1280 1719 ad
1306 1697 1379 1719 rem
1406 1685 1592 1729 pertinent.
1633 1684 1684 1719 vel

98 1753 118 1775 a
144 1741 392 1786 circumspecto
418 1744 451 1776 et
475 1742 634 1786 prudenti
661 1742 785 1777 lectore
811 1742 908 1776 facile
942 1742 1202 1788 intelleguntur,
1244 1742 1428 1786 potioribus
1466 1742 1567 1775 rebus
1605 1752 1700 1775 cum.

100 1810 179 1834 cura
221 1798 348 1834 insistit
388 1801 423 1834 et
464 1802 612 1835 coartata
654 1802 688 1834 et
729 1810 845 1845 pressa
874 1811 987 1835 rerum
1029 1800 1238 1841 narratione,
1284 1799 1524 1834 sententia-rum
1560 1798 1685 1833 crebri-

98 1859 177 1896 tate,
206 1857 386 1903 verborum
411 1858 561 1901 pondere
587 1857 788 1901 dignitatem
815 1858 860 1891 ita
885 1857 1041 1891 conciliat
1067 1857 1227 1898 orationi,
1264 1861 1301 1890 ut
1326 1858 1354 1890 ei
1381 1857 1437 1901 qui
1465 1856 1547 1900 legit
1573 1866 1684 1900 neque

99 1907 242 1949 obscura
266 1913 373 1950 videri
399 1914 507 1960 possit
532 1925 641 1960 neque
666 1914 837 1960 impedita.
890 1913 999 1958 Quare
1033 1914 1147 1950 nescio
1181 1924 1224 1949 an
1250 1913 1414 1949 laudanda
1440 1912 1551 1958 potius
1577 1922 1679 1958 quam
1706 1951 1708 1953 ¹

99 1972 379 2016 reprehendenda
403 1973 448 2007 sit
469 1972 658 2007 Salustiana
683 1972 837 2013 brevitas,
865 1973 1063 2016 praesertim
1090 1983 1168 2006 cum
1188 1983 1257 2006 non
1274 1972 1480 2006 auditoribus
1498 1971 1684 2005 orationem

100 2029 162 2064 sed
187 2028 364 2064 historiam
389 2029 573 2064 lectoribus
600 2029 774 2074 scripserit
807 2032 906 2074 atque
941 2029 975 2063 id
1009 2029 1132 2075 egerit,
1173 2031 1209 2063 ut
1246 2029 1390 2063 mediam
1430 2027 1539 2067 illam,
1579 2038 1683 2072 quam

99 2086 306 2132 ubicumque
332 2087 513 2122 tenendam
548 2098 621 2122 esse
652 2088 745 2132 putat
771 2086 1005 2130 Quintilianus,
1035 2087 1122 2121 viam
1148 2086 1279 2121 dicendi
1306 2088 1449 2120 teneret:
1494 2084 1685 2128 „Quantum

99 2154 184 2190 opus
210 2145 272 2186 est,
299 2146 463 2189 quantum
491 2147 544 2179 sat
568 2147 639 2179 est“
670 2144 797 2189 (Quint.
824 2143 906 2179 Inst.
934 2155 980 2179 or.
1007 2144 1039 2186 4,
1067 2144 1099 2186 2,
1126 2144 1198 2187 45).
1234 2144 1323 2178 Loca
1351 2143 1510 2176 brevitate
1538 2142 1686 2187 insignia

101 2202 206 2238 multa
231 2203 370 2248 quidem
396 2202 516 2249 collegi
542 2205 642 2249 atque
668 2202 840 2248 exscripsi,
867 2203 926 2237 sed
952 2202 1092 2249 longum
1126 2204 1178 2238 est
1211 2213 1249 2237 ea
1274 2212 1490 2243 enumerare3
1530 2212 1571 2236 ex
1609 2200 1684 2236 infi-

100 2260 171 2295 nita
203 2260 300 2305 copia
332 2271 437 2294 unum
470 2261 619 2295 adferam
646 2272 686 2295 ex
712 2260 873 2294 Catilinae
899 2260 983 2295 libro
1018 2261 1067 2305 (6,
1093 2262 1152 2305 6):
1194 2260 1242 2300 „ei
1276 2259 1326 2293 vel
1362 2261 1471 2293 aetate
1507 2258 1558 2293 vel
1585 2270 1685 2293 curae

100 2316 321 2354 similitudine
348 2319 460 2364 patres
486 2316 776 2363 appellabantur“,
803 2316 946 2352 alterum
973 2327 1014 2353 ex
1040 2316 1241 2363 Iugurthino
1267 2315 1354 2350 bello
1382 2315 1453 2358 (39,
1487 2315 1541 2361 !):
1584 2316 1688 2357 „Pars

100 2375 213 2410 dolere
250 2386 310 2420 pro
348 2375 454 2421 gloria
491 2376 643 2421 imperi‚“
684 2386 829 2420 quorum
863 2376 921 2420 qui
954 2376 1101 2420 priorem
1135 2386 1212 2409 cum
1238 2373 1310 2421 loco
1337 2373 1393 2407 illo
1420 2373 1560 2407 Liviano
1586 2374 1635 2418 (l,
1663 2374 1684 2408 8

101 2433 199 2474 extr.)
222 2432 444 2478 posteriorem
470 2443 548 2467 cum
574 2432 792 2468 Ciceroniano
818 2432 878 2478 (de
902 2432 959 2466 fin.
990 2434 1019 2473 1,
1048 2433 1078 2473 7,
1107 2432 1165 2466 24i
1193 2428 1390 2466 contulerit.
1432 2429 1578 2465 Salustio
1612 2430 1687 2464 bre-

102 2489 240 2525 vitatem
265 2489 355 2525 laudi
382 2491 462 2525 dare
487 2501 555 2525 non
581 2489 758 2525 dubitabit.
856 2489 860 2494 '

215 2548 262 2583 At
299 2548 619 2583 concinnitatis
655 2547 906 2594 neglegens
943 2546 1078 2582 nimis
1115 2546 1306 2581 variavit
1343 2545 1596 2581 orationem.
1646 2544 1685 2580 Id

91 2602 193 2651 ,enim
218 2605 362 2644 alterum
388 2606 591 2654 exprobrant
616 2605 771 2663 Salustio.
824 2606 938 2653 Atque
964 2604 1228 2640 concinnitatem
1255 2603 1413 2639 orationis
1438 2614 1505 2638 non
1533 2602 1684 2648 petitam,

1794 2237 1835 2802 maaaffianauxMaffl„
1798 1924 1835 2267 '‘Qasskstssrssfflkssffl
1797 1781 1835 1962 affl·-
1810 1704 1814 1707 ·
1812 1202 1822 1235 f·
1827 1134 1835 1147 ι
1812 1081 1826 1093 <

274 112 473 184 prem
497 138 560 179 est,
587 139 625 171 ut
654 147 741 179 „non
765 97 999 183 poeniturum
1035 149 1097 183 pro
1126 149 1195 174 non
1231 142 1346 173 acturo
1379 139 1623 184 poenitentiam
1648 126 1683 174 et
1739 134 1820 183 ἦ

116 180 273 232 ‘vientes‘⁴
301 190 345 231 ad
369 194 552 231 videndum
579 194 701 230 missos
725 197 840 231 auctor
865 194 996 231 dixerit.
1047 195 1139 241 Quae
1175 195 1233 232 ille
1270 196 1406 242 quidem
1442 197 1560 232 fecerit
1584 195 1684 232 sche-
1735 188 1824 246 ²ss1³²‘ss

96 248 197 294 mata,
222 263 278 288 an
311 252 403 287 idem
435 253 547 287 vocari
571 253 720 297 possint,
759 253 960 295 videndum,
1008 254 1086 298 quia
1117 256 1253 298 recepta
1285 255 1362 288 sint.
1413 255 1501 290 Nam
1535 254 1681 300 receptis
1724 267 1728 269 ·
1761 247 1833 267 ²²

28 325 30 327 >
98 308 201 368 etiam
226 308 327 355 vulgo
352 311 490 344 auctore
516 309 666 344 contenti
692 309 831 344 sumus’.
1818 309 1827 317 '
