1835 2802
67 118 241 191 1'‘³aiios¹),
265 111 314 179 ita
337 138 456 184 Pium,
491 130 534 177 de
559 151 653 187 pace,
678 140 721 176 iis
746 121 1039 177 adnumerandum
1063 150 1139 176 esse
1172 138 1266 176 libris
1290 142 1390 186 puto,
1427 142 1486 188 qui
1511 140 1701 189 logisto-

103 204 189 244 rici
212 200 313 249 vulgo
338 199 508 237 dicuntur.
533 199 649 246 Atque
673 198 793 245 scripti
818 201 891 235 esse
908 197 1066 234 videntur
1090 198 1131 234 iis
1156 198 1227 235 fere
1244 198 1350 241 annis,
1377 199 1501 245 quibus
1528 200 1699 244 committi

0 246 38 299 ''Li-
103 262 216 313 potuit
239 259 323 295 illud
347 256 551 293 adulterium
576 255 928 303 (700s54-702s52).
968 255 1068 291 Hunc
1093 258 1208 292 autem
1233 254 1368 299 librum,
1395 267 1498 302 quem
1527 258 1631 300 „Pius
1655 259 1700 295 de
1765 254 1814 299 ’Ῐῗ

82 352 85 354 ,
104 321 207 368 μεθ’·
235 314 417 361 inscripsit,
444 314 508 350 sub
533 313 638 350 finem
662 313 742 350 anni
767 313 900 359 702s52
925 313 1100 359 scripsisse
1125 313 1315 349 Varronem
1340 324 1382 349 ex
1416 324 1456 349 eo
1482 315 1697 359 coniecerim,
1764 312 1780 318 ⁹
1820 309 1822 311 ’

104 375 195 424 quod
219 375 298 420 post
322 371 474 408 medium
507 371 578 407 fere
611 382 739 407 annum
764 371 903 417 703l51,
943 381 1011 416 quo
1036 381 1115 406 cum
1140 370 1303 407 Cicerone
1328 370 1364 406 in
1388 372 1598 417 provinciam
1622 384 1702 419 pro-

106 434 215 471 fectus
240 429 335 474 est2),
364 429 455 465 unde
480 428 616 464 rediens
641 429 778 474 postero
804 438 893 463 anno
918 429 997 463 ante
1014 427 1143 464 bellum
1159 428 1195 464 in
1212 428 1458 475 Hispaniam3),
1484 428 1575 465 bello
1593 429 1701 467 Phar-

104 490 211 528 salico
232 498 311 524 cum
335 486 385 522 M.
412 485 540 522 Catone
564 485 600 521 in
626 485 838 529 Graeciam4)
865 496 902 521 se
928 484 1081 527 contulit,
1108 496 1176 521 non
1202 487 1233 522 ei
1258 485 1363 522 fuisse
1389 486 1562 523 scribendi
1588 487 1697 524 otium

104 545 295 596 putaverim
320 546 356 580 et
380 544 415 579 in
439 543 506 580 hoc
531 543 605 590 ipso
631 543 729 586 libro,
758 554 836 579 cum
861 543 903 578 de
929 554 1012 589 pace
1039 543 1181 589 eiusque
1206 544 1457 580 conditionibus
1475 548 1601 592 ageret,
1628 557 1701 582 me-

104 602 279 641 morabilis
304 601 395 637 illius
421 601 524 648 pacis,
562 612 648 647 quae
672 601 762 636 inter
786 601 952 636 Milonem
977 603 1011 636 et
1036 601 1223 636 Salustium
1248 602 1450 645 intercessit,
1487 603 1700 639 mentionem

62 671 65 672 ’
104 673 183 700 eum
208 660 328 697 fecisse
354 659 627 696 existimaverim.
679 659 794 705 Atque
819 659 911 694 inter
935 669 1053 695 causas
1086 659 1158 694 eius
1183 659 1277 705 pacis
1309 670 1388 696 eum
1415 671 1701 698 commemorasse

104 722 186 768 puto
212 717 416 754 adulterium
442 728 521 753 cum
546 717 672 752 Fausta
698 716 928 752 commissum.
977 716 1075 761 Quod
1099 727 1160 752 cur
1183 716 1349 764 fingeret,
1376 721 1435 753 aut
1460 729 1501 754 ex
1526 718 1620 766 vulgi
1644 730 1701 755 ru-

104 772 200 814 more
211 776 242 822 ⁶)
268 777 466 817 assumeret,
503 785 571 809 non
606 773 680 815 fuit,
706 774 908 819 praesertim
933 784 1011 809 cum
1036 784 1150 809 veram
1176 774 1248 809 eius
1273 774 1323 809 rei
1349 785 1486 810 causam
1512 776 1541 811 si
1565 787 1634 811 non
1654 787 1701 812 ex

104 835 176 882 ipso
215 832 345 869 Milone
379 834 413 868 at
449 843 490 868 ex
528 831 690 868 Cicerone
726 834 841 867 tamen
879 830 1142 867 familiarissimo
1176 832 1305 868 rescire
1330 835 1456 878 posset.
1500 833 1700 870 Ciceronem

105 893 196 928 enim
228 902 297 926 non
328 890 507 925 rescivisse
541 900 601 924 cur
626 889 730 924 etiam
756 900 871 925 secum
897 890 932 924 in
957 890 1102 934 gratiam
1127 889 1267 924 redierit
1292 888 1458 925 Salustius
1486 901 1588 936 aegre
1613 890 1699 926 mihi

104 948 294 996 probaverit
319 946 424 983 Kritz.

221 1005 307 1042 Cum
332 1002 553 1052 igitur‘esset
577 1004 687 1040 Varro
713 1004 749 1040 in
774 1005 896 1040 litteris
922 1007 1023 1050 atque
1050 1005 1118 1040 vita
1151 1004 1219 1040 fide
1252 1004 1357 1040 homo
1383 1005 1489 1040 multa
1514 1008 1549 1041 et
1572 1007 1696 1053 gravis,

110 1075 188 1099 cum
213 1064 255 1099 de
282 1062 408 1098 Salusti
433 1061 601 1098 adulterio
627 1065 662 1097 et
686 1063 772 1098 scire
798 1065 914 1108 posset
938 1072 1049 1109 neque
1073 1062 1214 1099 haberet
1248 1073 1308 1098 cur
1335 1066 1391 1098 aut
1415 1063 1620 1099 mentiretur
1643 1067 1701 1100 aut
1759 1111 1763 1114 ι
1796 1075 1831 1110 3²22*

105 1121 232 1157 rumori
258 1120 421 1162 crederet,
449 1120 532 1166 quid
558 1122 619 1163 est,
647 1130 707 1155 cur
733 1120 805 1155 eius
829 1120 935 1156 fidem
960 1120 995 1155 in
1021 1120 1159 1155 dubium
1188 1130 1358 1163 vocemus,
1392 1122 1595 1167 praesertim
1621 1132 1700 1158 cum

109 1178 263 1215 eiusdem
288 1178 338 1214 rei
362 1178 419 1213 alii
444 1188 579 1224 quoque
606 1179 712 1213 testes
738 1178 859 1213 adsint.
911 1178 1004 1213 Haec
1041 1178 1133 1213 enim
1168 1178 1343 1214 adnotavit
1376 1178 1540 1214 Helenius
1565 1179 1656 1215 Acro
1671 1180 1700 1223 ⁶)

108 1237 152 1273 ad
175 1236 257 1272 Hor.
285 1236 319 1272 S.
349 1237 379 1273 1.
406 1235 438 1278 2,
465 1235 509 1271 41
538 1246 604 1281 sq.:
649 1235 724 1278 „ille
762 1234 905 1282 flagellis
945 1236 988 1271 ad
1021 1237 1168 1271 mortem
1210 1246 1337 1272 caesus.
1388 1236 1464 1272 Hoc
1501 1237 1544 1272 de
1582 1236 1701 1283 Crispo

107 1294 253 1330 Salustio
279 1293 412 1335 dicitur,
439 1293 500 1339 qui
525 1292 759 1338 deprehensus
784 1293 826 1328 ab
852 1293 966 1328 Annio
991 1292 1121 1328 Milone
1147 1293 1182 1327 in
1208 1293 1372 1329 adulterio
1397 1294 1557 1336 Faustae,
1584 1293 1699 1330 Sullae

105 1351 203 1394 filiae,
230 1351 345 1387 uxoris
370 1351 452 1394 eius,
479 1350 625 1397 flagellis
650 1361 769 1386 caesus
794 1361 868 1385 esse
895 1350 1026 1392 dicitur,
1053 1353 1091 1385 ut
1116 1350 1220 1386 refert
1244 1351 1414 1387 Asconius
1439 1352 1474 1387 in
1500 1352 1572 1386 eius
1597 1351 1695 1387 vita.“

108 1409 202 1456 Ergo
227 1409 299 1444 sive
323 1408 472 1444 Acronis
510 1408 581 1444 sive
606 1407 853 1454 Porphyrionis
894 1410 973 1443 sunt
1010 1418 1050 1444 ea
1082 1408 1185 1443 verba
1217 1408 1260 1443 ad
1285 1409 1474 1445 Asconium
1509 1409 1699 1445 Pedianum

107 1466 251 1501 adulteri
277 1468 402 1501 testem
426 1466 615 1501 referantur
639 1475 780 1500 necesse
805 1468 867 1500 est.
920 1465 1047 1500 Asc-oni
1073 1467 1186 1500 autem
1222 1465 1456 1501 testimonium
1489 1466 1548 1512 qui
1573 1468 1701 1512 quanta

109 1524 138 1559 is
164 1523 268 1560 fuerit
292 1522 468 1571 diligentia
493 1522 528 1559 in
554 1522 785 1569 exprimendis
811 1524 845 1558 et
869 1522 1081 1569 proferendis
1108 1522 1311 1559 testimoniis
1345 1534 1387 1559 ex
1421 1524 1493 1559 eius
1520 1523 1701 1560 enarratio-

96 1582 205 1617 nibus
242 1581 434 1617 orationum
472 1581 644 1617 Ciceronis
682 1581 879 1627 cognoverit
916 1581 1008 1615 haud
1045 1580 1142 1615 facile
1180 1571 1396 1626 improbabit.
1447 1582 1570 1627 Neque
1609 1581 1702 1617 enim

105 1639 196 1685 quod
222 1650 263 1675 ex
289 1639 442 1675 Varrone
467 1638 602 1674 haurire
628 1639 739 1684 potuit
763 1638 1016 1681 testimonium,
1056 1648 1166 1684 neque
1204 1639 1296 1684 quod
1333 1650 1401 1674 non
1437 1649 1575 1674 caesum
1600 1649 1701 1675 esse

106 1696 166 1731 sed
191 1707 330 1733 caesum
357 1707 431 1732 esse
457 1696 548 1732 dici
574 1696 761 1732 Salustium
785 1696 890 1732 refert
916 1697 1017 1739 Acro,
1045 1696 1174 1732 Asconi
1199 1696 1434 1732 testimonium
1460 1696 1624 1732 infirmari
1641 1708 1701 1743 po-

107 1755 184 1796 test,
210 1754 412 1799 praesertim
437 1764 516 1789 cum
541 1754 661 1789 eadem
686 1753 758 1789 fere
783 1754 825 1789 de
852 1753 979 1788 Salusti
1005 1752 1170 1789 adulterio
1195 1752 1320 1789 referat
1345 1753 1491 1795 Servius,
1531 1754 1590 1800 qui
1614 1753 1702 1790 haec

108 1810 281 1846 adnotavit
306 1812 349 1847 ad
362 1811 466 1857 Verg.
485 1811 571 1847 Aen.
599 1812 632 1853 6,
659 1812 745 1847 612:
775 1811 922 1856 „quique
948 1811 990 1846 ob
1017 1810 1220 1846 adulterium
1246 1810 1345 1845 caesi.
1385 1810 1420 1845 Si
1446 1811 1557 1854 occisi,
1584 1811 1701 1858 Aegy-

104 1866 221 1903 sthum
237 1868 417 1915 significat,
445 1868 613 1915 Thyestae
630 1867 750 1911 filium,
777 1869 805 1903 si
818 1879 854 1903 re
868 1879 947 1904 vera
964 1868 1064 1911 caesi,
1091 1867 1276 1903 Salustium
1289 1867 1468 1913 significat,
1496 1879 1600 1914 quem
1614 1867 1700 1904 Milo

108 1924 359 1970 deprehensum
384 1926 447 1961 sub
473 1926 560 1961 servi
585 1926 703 1961 habitu
727 1925 916 1962 verberavit
941 1925 976 1960 in
1002 1924 1165 1960 adulterio
1191 1935 1269 1960 suae
1295 1924 1409 1960 uxoris
1427 1925 1583 1968 Faustae,
1610 1924 1701 1961 filiae

76 2024 79 2025 ⁷
106 1981 250 2027 Syllae.“
279 1983 422 2019 Duobus
446 1983 551 2030 igitur
575 1983 628 2019 vel
653 1983 760 2019 tribus
785 1982 927 2019 testibus
954 1981 1081 2018 Salusti
1106 1981 1310 2018 adulterium
1335 1982 1564 2017 confirmatur.

220 2040 288 2076 Sed
314 2040 460 2077 alterum
485 2040 659 2087 quaeritur
684 2051 725 2076 ex
750 2040 861 2076 isdem
886 2040 1031 2075 Acronis
1057 2039 1180 2081 verbis,
1223 2050 1306 2075 num
1331 2039 1493 2075 Horatius
1517 2040 1559 2074 iis
1586 2039 1699 2076 verbis

89 2096 331 2145 „flagellis
368 2101 547 2134 caesus“
589 2097 775 2135 Salustium
812 2097 1001 2133 notaverit?
1038 2096 1137 2142 Quod
1173 2097 1261 2133 bene
1298 2097 1438 2143 quidem
1471 2099 1575 2144 negat
1599 2097 1697 2133 Kritz

218 2240 240 2276 ι)
261 2239 385 2272 Teuffel.
406 2240 490 2272 Rom.
511 2240 569 2272 Lit.
590 2240 667 2272 Hist.
688 2240 744 2272 Ed.
765 2240 804 2271 Π.
824 2241 923 2278 (1872)
945 2241 1008 2279 164,
1036 2242 1054 2272 2
1074 2248 1142 2279 pag.
1162 2240 1217 2271 271
1239 2254 1276 2264 =
1295 2238 1351 2270 Ed.
1373 2239 1434 2269 1111
1455 2240 1553 2277 (1882)
1575 2240 1638 2278 166,
1671 2240 1700 2271 2.

220 2335 244 2372 ²)
264 2335 322 2367 Cic.
343 2336 413 2368 fam.
434 2337 462 2371 3,
483 2338 509 2369 7.
530 2339 556 2368 4.

220 2382 246 2420 ⁸)
264 2383 323 2414 Cic.
344 2384 414 2415 fam.
435 2385 462 2420 9,
482 2385 529 2423 13,
552 2385 575 2416 1.
617 2384 720 2423 Lange
739 2385 814 2417 Ant.
832 2383 868 2416 R.
889 2383 942 2415 111.
964 2384 1030 2416 408.

220 2430 243 2468 ⁴)
264 2431 322 2463 Cic.
343 2432 381 2463 de
402 2432 489 2463 divin.
511 2434 537 2468 1,
557 2433 603 2467 31,
624 2433 673 2465 68.
1819 2450 1835 2471 μ,

0 2493 23 2521 34
222 2477 247 2515 ⁵)
265 2478 413 2511 Dietsch³.
432 2480 526 2518 praef.
546 2489 575 2518 p.
596 2481 622 2514 8.
642 2480 736 2510 Kritz.
757 2480 868 2518 proleg
890 2488 917 2519 p.
942 2482 986 2510 10.
1793 2484 1795 2487 ·
1816 2467 1835 2543 ’.ἑ

0 2524 30 2592 {1³3
57 2557 59 2560 ,
220 2525 245 2563 ⁸)
264 2527 312 2557 vel
330 2527 494 2568 Porphyrio
513 2528 609 2559 Teuff.
628 2528 663 2559 R.
683 2528 718 2559 L.
739 2528 791 2558 HJ
811 2529 876 2566 203,
915 2530 930 2559 1
953 2542 987 2552 π
1011 2527 1063 2558 id.⁴
1083 2529 1194 2563 205,1.
1236 2526 1317 2558 conf
1339 2527 1435 2558 Ceri-¹
1468 2538 1493 2567 μ
1515 2527 1579 2559 XV
1601 2526 1699 2558 Teuff
1801 2528 1804 2531 ’
1829 2525 1831 2527 ’

106 2570 180 2652 2:⁵11
198 2582 226 2611 Ρ.
247 2575 275 2609 2,
306 2576 324 2607 3
344 2576 449 2622 ultima
468 2577 596 2607 Aci-onis
615 2578 705 2608 verba
725 2577 767 2607 ita
787 2576 914 2615 profert:
948 2585 1052 2614 „quem
1072 2576 1218 2606 Asconius
1244 2576 1392 2606 Pedianus
1421 2577 1450 2605 iu
1478 2577 1538 2606 vita
1559 2577 1622 2606 eius
1642 2576 1700 2613 sig-

68 2651 90 2657 .,
161 2622 237 2655 Gli-¹⁴

1830 2648 1835 2673 1

145 2721 150 2728 ,
177 2727 180 2733 ,
207 2725 231 2731 ,,
1506 2680 1543 2712 1.*
1801 2680 1835 2739 ,43

206 2761 547 2802 ,,
811 2798 823 2802 .,
1519 2777 1521 2779 -
1725 2739 1835 2802 ,311
