1835 2802
46 120 50 122 ,
69 116 74 120 .
384 110 393 127 x
886 122 888 124 ,
1616 111 1634 132 2„
1652 116 1664 135 -,

35 144 55 155 ³·
85 135 88 149 ⁷
117 142 215 177 erant
240 139 288 176 illi
313 137 404 176 horti
430 140 520 176 inter
545 140 667 177 collem
692 139 882 183 hortorum,
909 141 968 188 qui
994 152 1085 178 nunc
1103 140 1243 178 Pincius
1269 141 1402 185 dicitur,
1419 142 1452 178 et
1469 139 1498 186 Q
1524 141 1532 149 ’
1571 134 1682 191 *alesin

62 192 72 249 ’μ
116 201 151 234 et
176 199 223 233 ita
248 199 391 233 summis
417 201 557 233 naturae
584 201 617 233 et
642 199 724 233 artis
751 199 981 234 monumentis
1007 199 1127 241 ornati,
1153 200 1192 234 ut
1215 209 1273 234 eos
1298 198 1391 235 Nero
1406 198 1457 242 (Τ.
1472 209 1549 235 ann.
1567 194 1664 242 13,.4

66 253 74 306 s
114 255 389 302 Vespasianus²)‚
441 255 566 298 Nerva,
593 255 798 299 Hadrianus,
825 256 1032 292 Aurelianus
1056 256 1228 303 (Vospisc.
1264 267 1290 292 e.
1315 257 1395 302 44),
1434 254 1533 293 multi
1567 248 1715 303 denique

106 314 340 360 imperatores
367 314 484 350 sedem
510 316 611 360 atque
636 314 848 350 domicilium
873 315 938 350 sibi
963 314 1162 361 deligerent.
1213 314 1320 350 Erant
1344 315 1391 350 ibi
1415 313 1625 361 templum
1645 313 1712 350 Ve-

116 372 208 407 neris
233 371 412 418 Erycinae,
441 372 549 407 circus
575 374 674 407 vetus
712 372 773 419 (cf.
801 372 873 408 Liv.
900 373 957 415 30,
993 372 1039 408 38
1065 383 1153 408 anno
1188 372 1366 419 550s204)‚
1409 370 1716 408 conditorium

117 429 218 475 (Plin.
246 441 279 466 n.
306 429 341 466 h.
370 430 402 473 7,
431 431 485 471 16,
514 428 585 477 75),
613 430 842 476 porticus,
869 430 904 472 in
930 441 997 476 qua
1022 429 1227 466 Aurelianus
1252 430 1403 476 quotidie
1429 432 1463 466 et
1488 441 1593 479 equos
1619 432 1654 466 et
1678 441 1716 466 se
1767 447 1770 449 >

115 487 277 533 fatigabat
303 487 455 532 (Vopisc.
483 499 511 522 c.
538 488 610 531 44),
638 487 839 523 thermae
866 487 1154 523 Salustianae
1180 488 1222 523 ad
1250 488 1448 534 pyramiden
1484 487 1617 535 (Itiner.
1645 497 1715 523 see.

116 544 192 590 XI),
220 545 378 581 domus
403 545 577 581 salusti
604 546 692 582 inter
716 548 850 592 portam
865 545 1030 582 Salariam
1043 548 1077 582 et
1101 546 1355 583 Nomentanam
1380 546 1454 588 sita,
1481 557 1568 592 quae
1584 546 1717 593 integra

114 603 239 637 mansit
264 614 370 647 usque
396 603 438 637 ad
465 603 592 637 Alarici
618 605 772 648 tempora
785 603 825 647 ³),
857 604 1004 649 denique
1031 605 1197 644 forum,
1226 603 1321 638 cuius
1334 602 1435 638 hodie
1462 613 1597 649 quoque
1614 613 1715 648 supra

112 660 232 696 hortos
258 662 402 702 exstant,
431 659 594 707 reliquiae
621 660 731 702 (Gerl¹
757 659 799 695 ΙΙ,
827 660 861 704 2,
889 671 921 707 p.
949 660 1024 708 26).
1069 660 1206 697 Statuae
1241 671 1376 707 quoque
1409 660 1640 697 nobilissimae
1670 660 1712 697 iis
1749 667 1751 669 ’

68 733 72 734 ’
113 718 197 753 locis
223 718 365 753 effossae
391 721 471 753 sunt
497 718 612 761 (Gerl¹
638 718 699 764 ll.).
751 719 820 754 Sed
845 721 960 753 utrum
987 730 1006 753 a
1032 719 1179 754 Salustio
1206 721 1376 755 exstructa
1410 720 1478 754 sint
1508 719 1592 754 haec
1617 721 1712 753 tanta

114 775 270 811 aedificia
295 777 330 810 et
355 775 436 810 artis
462 777 698 816 monumenta,
726 786 769 811 an
796 776 838 811 ab
864 775 937 810 eius
962 777 1086 822 nepote
1113 787 1156 811 an
1190 775 1232 811 ab
1265 775 1547 823 imperatoribus,
1587 775 1710 823 quibus

111 833 159 869 illi
187 833 278 869 horti
305 834 339 869 in
366 833 483 870 delciis
510 833 664 876 fuerunt,
703 846 772 869 non
799 837 851 870 est
876 834 1101 880 exploratum.
1153 833 1243 869 Illud
1268 845 1375 869 unum
1401 834 1620 870 manifestum
1646 836 1708 877 est,

111 891 138 925 si
166 902 234 925 non
261 892 400 925 domum
428 893 463 925 at
489 892 600 925 forum
627 893 741 926 tamen
769 894 804 926 et
829 892 957 927 circum
984 893 1017 926 et
1042 891 1172 937 reliqua
1189 891 1368 926 hortorum
1395 890 1548 926 aedificia
1565 893 1600 926 et
1617 901 1714 926 orna-

111 950 228 985 menta
252 948 328 984 usui
354 948 459 984 fuisse
485 948 633 995 publice,
673 959 784 996 neque
822 949 962 996 privatis
978 949 1079 985 unius
1115 947 1242 985 Salusti
1276 948 1406 985 deliciis
1431 949 1575 985 servisse
1601 950 1712 985 tantos

111 1006 290 1042 hortorum
326 1007 484 1042 ambitus.
545 1006 656 1051 Quare
694 1018 805 1053 neque
844 1008 1025 1053 opprobrio
1052 1007 1199 1043 Salustio
1233 1007 1411 1042 tribuerim
1437 1018 1555 1042 eorum
1580 1008 1712 1054 magni-

110 1064 294 1107 ficentiam,
322 1064 428 1100 immo
456 1063 666 1100 liberalitatis
701 1067 736 1100 et
771 1064 1025 1101 munificentiae
1056 1076 1131 1100 eam
1167 1064 1333 1101 duxerim.
1386 1063 1479 1109 Quae
1513 1064 1637 1101 Caesar
1670 1065 1713 1101 de

111 1123 263 1158 ornanda
288 1122 554 1169 instruendaque
580 1123 663 1159 urbe
681 1123 866 1159 meditatus
892 1123 1032 1169 quidem
1058 1123 1118 1158 sed
1144 1123 1328 1169 quominus
1354 1123 1535 1169 perficeret
1560 1134 1713 1169 praema-

115 1184 192 1215 tura
217 1183 327 1215 morte
353 1181 574 1226 praepeditus
601 1181 695 1224 est4),
725 1192 764 1216 ea
791 1180 963 1216 Salustius
990 1184 1154 1226 quantum
1169 1182 1281 1225 potuit
1304 1181 1457 1226 perfecit.
1485 1181 1600 1226 Atque
1624 1180 1714 1216 hanc

109 1238 220 1284 ipsam
248 1237 373 1273 Salusti
400 1237 641 1273 liberalitatem
668 1240 702 1273 et
739 1238 1010 1274 munificentiam
1049 1238 1083 1273 in
1122 1248 1223 1274 causa
1260 1238 1364 1273 fuisse
1402 1237 1611 1284 putaverim,
1652 1248 1712 1274 cur

110 1295 317 1331 foedissimis
342 1295 410 1331 illis
436 1296 690 1331 triumvirorum
729 1296 1035 1342 proscriptionibus
1075 1295 1218 1342 aliisque
1256 1296 1384 1342 rapinis
1417 1307 1486 1331 non
1518 1296 1712 1341 privaretur

108 1354 218 1388 bonis.
270 1352 533 1398 Comparaverat
569 1354 660 1388 enim
699 1354 827 1388 divitiis
863 1354 897 1388 in
936 1354 1111 1399 provincia
1148 1352 1299 1388 collectis
1333 1356 1367 1388 et
1392 1353 1510 1388 hortos
1536 1355 1571 1388 et
1596 1352 1711 1388 villam

110 1410 264 1447 Caesaris
290 1410 504 1447 Tiburtinam
531 1413 580 1453 et,
607 1411 674 1447 nisi
700 1411 917 1458 antiquarum
944 1422 1060 1447 rerum
1086 1410 1258 1448 studiosos
1285 1410 1371 1448 fallit
1396 1411 1530 1458 opinio,
1569 1411 1711 1447 domum

109 1469 201 1504 illam
226 1469 475 1505 nobilissimam
500 1470 675 1514 Pompeiis
701 1472 842 1512 erutam,
886 1481 988 1515 quam
1014 1481 1034 1504 a
1059 1470 1191 1514 pictura
1224 1471 1258 1504 in
1292 1480 1332 1504 ea
1362 1470 1499 1504 inventa
1523 1469 1709 1503 Actaeonis

68 1552 75 1563 2
108 1526 250 1561 domum
276 1526 394 1561 dicunt
419 1526 485 1568 alii,
512 1525 567 1561 alii
595 1526 720 1561 Salusti
746 1527 888 1561 domum
917 1525 1023 1571 (Guhl
1051 1528 1086 1561 et
1111 1525 1253 1562 Kohner
1278 1537 1310 1572 p.
1329 1525 1426 1568 455).

222 1583 275 1619 Ex
301 1583 357 1619 his
384 1584 576 1629 sumptibus
603 1586 735 1620 tantum
762 1584 827 1620 sibi
854 1595 1006 1620 servasse
1033 1585 1196 1629 pecuniae
1222 1585 1292 1619 veri
1318 1583 1428 1619 simile
1454 1586 1514 1625 est,
1542 1586 1708 1628 quantum

105 1642 148 1675 ad
173 1641 264 1675 laute
290 1643 324 1675 et
349 1644 547 1686 sumptuose
574 1641 756 1676 vivendum
782 1641 916 1676 abunde
942 1640 1123 1676 sufficeret.
1175 1640 1286 1684 Quare
1320 1651 1400 1675 cum
1433 1639 1532 1675 multi
1559 1639 1706 1675 Salustio

107 1698 308 1741 inviderent,
349 1699 490 1744 eiusque
534 1701 647 1742 „tanto
687 1702 825 1745 tamque
864 1698 938 1735 utili
976 1698 1082 1735 labori
1120 1710 1247 1735 nomen
1285 1699 1427 1734 inertiae
1465 1698 1702 1744 imponerent⁴⁴

223 1843 244 1880 ¹)
266 1842 336 1873 Tac.
358 1842 428 1872 hist.
450 1842 475 1880 3,
497 1843 544 1877 82,
564 1851 633 1872 ann.
656 1843 700 1880 13,
722 1844 768 1880 47,
790 1841 826 1873 cf.
842 1841 897 1873 Ed.
914 1841 1061 1872 Gerhardi
1072 1841 1111 1872 ad
1124 1841 1315 1873 Gerlachium
1329 1841 1488 1881 epistulam
1503 1841 1603 1871 datam
1614 1839 1710 1870 Roma

105 1892 187 1921 VIII.
208 1891 276 1921 Kal.
298 1892 377 1921 Sext.
401 1892 475 1921 1825
495 1891 525 1919 in
547 1891 592 1920 ed.
614 1891 731 1928 tripart.
753 1891 808 1919 vol.
831 1890 869 1927 11,
892 1892 909 1920 2
930 1900 958 1928 p.
980 1892 1017 1920 25
1037 1899 1079 1939 sq:

221 1948 243 1985 ¹¹)
265 1948 303 1977 D.
325 1948 405 1978 Cass.
427 1949 472 1987 66,
495 1949 539 1986 10,
560 1950 586 1979 4:
615 1944 715 1995 ὀλίγα
747 1946 810 1994 μὲν
843 1945 879 1983 ἐν
911 1948 961 1996 τῷ
995 1944 1156 1995 παλατίῳ
1190 1944 1281 1996 ᾤκει,
1313 1947 1354 1983 τό
1388 1945 1426 1983 δὲ
1463 1946 1507 1995 δή
1541 1947 1710 1983 πλεῖστον

104 2006 141 2041 ἐν
166 2008 241 2049 τοῖς
269 2007 397 2054 κήποις
413 2008 488 2049 τοῖς
504 2004 729 2051 καλουμένοις
746 2003 1005 2048 Σαλουστιείοις
1022 2004 1200 2052 διέτριβεν,
1219 2006 1401 2040 κάνταῦθα
1420 2005 1481 2039 τόν
1497 2005 1710 2051 βουλόμενον

104 2064 167 2108 οὐχ
186 2061 241 2098 ὅτι
265 2065 335 2098 τῶν
358 2063 555 2107 βουλευτῶν
581 2063 670 2098 ἀλλά
693 2061 751 2097 καὶ
775 2066 843 2097 τῶν
868 2059 980 2097 ἄλλων
1005 2061 1194 2108 ἑσεδέχετο,
1220 2061 1277 2097 καὶ
1302 2063 1377 2105 τοῖς
1394 2062 1487 2097 πάνυ
1511 2059 1628 2111 φίλοις
1652 2061 1710 2098 καὶ

104 2122 175 2170 πρὸ
191 2122 254 2170 τῆς
274 2120 321 2157 ἕω
345 2118 382 2157 ἕν
407 2135 445 2157 τε
469 2123 511 2170 τῇ
535 2121 614 2170 εὐνῇ
637 2118 793 2167 κείμενος
818 2119 1024 2168 συνεγένετο,
1062 2119 1119 2156 καὶ
1157 2120 1267 2169 ἕτεροι
1304 2119 1341 2156 ἐν
1373 2122 1450 2164 ταῖς
1483 2120 1580 2164 ὁδοῖς
1605 2121 1709 2157 αὐτὸν

102 2180 316 2227 ἠσπάζοντο.
345 2180 441 2214 αἵτε
466 2180 573 2226 θύραι
598 2180 667 2213 τῶν
691 2176 878 2223 βασιλείων
908 2177 1119 2227 ἠνεῳγμέναι
1145 2179 1205 2213 διὰ
1228 2179 1344 2226 πάσης
1368 2180 1430 2226 τῆς
1454 2177 1584 2226 ἡμέρας
1607 2173 1708 2227 ἦσαν,

102 2235 161 2272 καὶ
186 2237 335 2285 φρουρὸς
361 2235 474 2280 οὐδεὶς
499 2235 535 2272 ἑν
561 2236 683 2280 αὐταῖς
708 2234 982 2285 ἔγκαθειστήκει.

218 2305 241 2342 ⁸)
262 2305 340 2334 Post.
363 2305 413 2335 Ch.
436 2315 463 2335 n.
485 2306 552 2335 410.
574 2305 611 2335 cf.
633 2305 755 2342 Procop.
778 2304 846 2334 bell.
868 2304 995 2334 Vandal.
1019 2307 1044 2342 1,
1066 2306 1100 2335 2:
1129 2304 1312 2350 Ἀλάριχόν
1345 2317 1383 2339 τε
1414 2306 1458 2352 τῇ
1489 2304 1596 2339 πόλει
1629 2302 1707 2340 ἐδέ-

102 2364 218 2407 ξαντο,
247 2359 279 2397 οἳ
304 2360 343 2397 δὲ
367 2362 431 2405 τάς
455 2375 493 2397 τε
519 2359 628 2405 οἰκίας
661 2360 873 2409 ἐνέπρησαν,
901 2358 943 2397 αἳ
961 2363 1023 2410 τῆς
1048 2358 1161 2410 πύλης
1195 2358 1341 2408 ἄγχιστα
1373 2356 1472 2410 ἦσαν.
1507 2360 1544 2397 ἐν
1578 2355 1634 2405 αἷς
1665 2355 1709 2410 ἦν
1770 2385 1775 2386 ⁷

55 2426 58 2429 ⁴
101 2420 160 2456 καὶ
184 2421 206 2468 ή
233 2417 447 2455 Σαλουστίου
471 2422 534 2455 τοῦ
559 2418 747 2466 Ῥωμαίοις
775 2416 818 2455 τό
841 2420 994 2455 παλαιὸν
1018 2421 1082 2468 τήν
1107 2417 1262 2468 ἱστορίαν
1286 2420 1502 2468 γράψαντος,
1540 2414 1583 2469 ἧς
1605 2432 1645 2455 τε
1668 2419 1710 2455 τό

101 2479 273 2514 πλεῖστον
297 2478 472 2526 ήμίκαυτα
495 2478 553 2513 καὶ
578 2477 614 2521 ἐς
638 2477 701 2524 ἐμέ
725 2478 857 2526 ἕστηκε.
897 2488 976 2518 Num
996 2488 1085 2518 huius
1105 2488 1209 2518 domna
1229 2488 1373 2525 reliquiae
1393 2491 1497 2525 postea
1516 2490 1702 2518 restauratae

103 2536 201 2567 dictae
222 2536 283 2566 sint
305 2536 472 2573 „Palatium
492 2536 631 2566 Salustii“
655 2536 798 2575 (Par-they
818 2536 1025 2566 Memorabilia
1045 2536 1167 2567 Romae.
1180 2536 1276 2567 Berol.
1294 2537 1376 2574 1869,
1391 2546 1419 2575 p.
1434 2538 1462 2574 5,
1478 2537 1526 2572 10)
1547 2539 1578 2566 et
1596 2534 1706 2565 nostris
1759 2550 1766 2557 =

102 2584 287 2624 temporibus
308 2587 426 2614 exstent
446 2584 476 2613 in
498 2584 570 2614 villa
592 2584 802 2622 „spithoeveru
824 2584 1014 2621 (Gsell.-Fels
1033 2584 1108 2615 Rom
1129 2594 1157 2625 p.
1179 2585 1248 2623 687>
1268 2593 1327 2615 non
1350 2588 1395 2615 est
1415 2584 1610 2625 exploratum.

217 2642 242 2681 ⁴)
263 2641 343 2673 Suet.
365 2641 446 2674 Caes.
468 2643 516 2681 44,
536 2641 631 2681 Lang.
652 2641 696 2672 111
715 2643 780 2674 459.
