<?xml version="1.0" encoding="UTF-8"?>
<!DOCTYPE html PUBLIC "-//W3C//DTD XHTML 1.0 Transitional//EN"
    "http://www.w3.org/TR/xhtml1/DTD/xhtml1-transitional.dtd">
<html xmlns="http://www.w3.org/1999/xhtml" xml:lang="en" lang="en">
 <head>
  <title>
</title>
<meta http-equiv="Content-Type" content="text/html;charset=utf-8" />
  <meta name='ocr-system' content='tesseract 3.04.00' />
  <meta name='ocr-capabilities' content='ocr_page ocr_carea ocr_par ocr_line ocrx_word'/>
</head>
<body>
  <div class='ocr_page' id='page_1' title='image "./4771784_0046.png"; bbox 0 0 1835 2802; ppageno 0'>
   <div class='ocr_carea' id='block_1_1' title="bbox 1380 157 1462 168">
    <p class='ocr_par' dir='ltr' id='par_1_1' title="bbox 1380 157 1462 168">
     <span class='ocr_line' id='line_1_1' title="bbox 1380 157 1462 168; baseline 0 2634"><span class='ocrx_word' id='word_1_1' title='bbox 1380 157 1462 168; x_wconf 95' lang='lat' dir='ltr'><strong> </strong></span> 
     </span>
    </p>
   </div>
   <div class='ocr_carea' id='block_1_2' title="bbox 0 0 1835 274">
    <p class='ocr_par' dir='ltr' id='par_1_2' title="bbox 0 0 1835 274">
     <span class='ocr_line' id='line_1_2' title="bbox 0 0 1835 274; baseline 0 0"><span class='ocrx_word' id='word_1_2' title='bbox 0 0 1835 274; x_wconf 95' lang='lat' dir='ltr'><strong>  </strong></span> 
     </span>
    </p>
   </div>
   <div class='ocr_carea' id='block_1_3' title="bbox 78 164 1835 2004">
    <p class='ocr_par' dir='ltr' id='par_1_3' title="bbox 78 164 1835 498">
     <span class='ocr_line' id='line_1_3' title="bbox 78 164 1607 225; baseline 0.002 -14"><span class='ocrx_word' id='word_1_3' title='bbox 78 199 83 202; x_wconf 56' lang='lat'>&gt;</span> <span class='ocrx_word' id='word_1_4' title='bbox 115 173 271 217; x_wconf 71' lang='lat' dir='ltr'><strong>:habitas</strong></span> <span class='ocrx_word' id='word_1_5' title='bbox 296 174 418 210; x_wconf 87' lang='lat' dir='ltr'><strong>verbo:</strong></span> <span class='ocrx_word' id='word_1_6' title='bbox 450 174 560 217; x_wconf 83' lang='lat' dir='ltr'><strong>„seio“</strong></span> <span class='ocrx_word' id='word_1_7' title='bbox 588 174 718 220; x_wconf 80' lang='lat' dir='ltr'><strong>incipit.</strong></span> <span class='ocrx_word' id='word_1_8' title='bbox 744 174 839 209; x_wconf 87' lang='lat' dir='ltr'><strong>Haec</strong></span> <span class='ocrx_word' id='word_1_9' title='bbox 870 176 904 210; x_wconf 90' lang='lat' dir='ltr'><strong>et</strong></span> <span class='ocrx_word' id='word_1_10' title='bbox 928 174 1010 210; x_wconf 79' lang='lat' dir='ltr'><strong>talia</strong></span> <span class='ocrx_word' id='word_1_11' title='bbox 1033 175 1176 212; x_wconf 90' lang='lat' dir='ltr'><strong>contulit</strong></span> <span class='ocrx_word' id='word_1_12' title='bbox 1199 176 1371 212; x_wconf 78' lang='lat' dir='ltr'><strong>Briinnert</strong></span> <span class='ocrx_word' id='word_1_13' title='bbox 1402 164 1548 224; x_wconf 65' lang='lat' dir='ltr'><strong>iri-pag.</strong></span> <span class='ocrx_word' id='word_1_14' title='bbox 1576 178 1607 225; x_wconf 46' lang='lat'>13</span> 
     </span>
     <span class='ocr_line' id='line_1_4' title="bbox 78 226 1717 283; baseline 0.002 -17"><span class='ocrx_word' id='word_1_15' title='bbox 78 226 89 266; x_wconf 58' lang='lat' dir='ltr'>Q</span> <span class='ocrx_word' id='word_1_16' title='bbox 136 231 234 269; x_wconf 86' lang='lat' dir='ltr'><strong>Idem</strong></span> <span class='ocrx_word' id='word_1_17' title='bbox 260 231 450 268; x_wconf 81' lang='lat' dir='ltr'><strong>Salustium</strong></span> <span class='ocrx_word' id='word_1_18' title='bbox 475 230 614 267; x_wconf 84' lang='lat' dir='ltr'><strong>Catonis</strong></span> <span class='ocrx_word' id='word_1_19' title='bbox 638 231 783 278; x_wconf 85' lang='lat' dir='ltr'><strong>vestigia</strong></span> <span class='ocrx_word' id='word_1_20' title='bbox 808 233 963 267; x_wconf 88' lang='lat' dir='ltr'><strong>secutum</strong></span> <span class='ocrx_word' id='word_1_21' title='bbox 990 232 1091 268; x_wconf 86' lang='lat' dir='ltr'><strong>rebus</strong></span> <span class='ocrx_word' id='word_1_22' title='bbox 1127 233 1233 280; x_wconf 88' lang='lat' dir='ltr'><strong>gestis</strong></span> <span class='ocrx_word' id='word_1_23' title='bbox 1267 233 1580 280; x_wconf 77' lang='lat' dir='ltr'><strong>digressiones</strong></span> <span class='ocrx_word' id='word_1_24' title='bbox 1603 230 1717 283; x_wconf 71' lang='lat' dir='ltr'><strong>impu</strong></span> 
     </span>
     <span class='ocr_line' id='line_1_5' title="bbox 137 286 1766 339; baseline 0.004 -14"><span class='ocrx_word' id='word_1_25' title='bbox 137 290 203 325; x_wconf 89' lang='lat' dir='ltr'><strong>mis</strong></span> <span class='ocrx_word' id='word_1_26' title='bbox 236 289 486 336; x_wconf 80' lang='lat' dir='ltr'><strong>geographicas</strong></span> <span class='ocrx_word' id='word_1_27' title='bbox 519 289 667 325; x_wconf 89' lang='lat' dir='ltr'><strong>inserere</strong></span> <span class='ocrx_word' id='word_1_28' title='bbox 700 288 784 324; x_wconf 88' lang='lat' dir='ltr'><strong>loeis</strong></span> <span class='ocrx_word' id='word_1_29' title='bbox 809 289 941 325; x_wconf 85' lang='lat' dir='ltr'><strong>collatis</strong></span> <span class='ocrx_word' id='word_1_30' title='bbox 966 289 1146 326; x_wconf 87' lang='lat' dir='ltr'><strong>confirmat</strong></span> <span class='ocrx_word' id='word_1_31' title='bbox 1178 290 1227 337; x_wconf 83' lang='lat' dir='ltr'><strong>(p.</strong></span> <span class='ocrx_word' id='word_1_32' title='bbox 1255 291 1420 335; x_wconf 84' lang='lat'>13—16).</span> <span class='ocrx_word' id='word_1_33' title='bbox 1469 291 1582 332; x_wconf 85' lang='lat' dir='ltr'><strong>Voces</strong></span> <span class='ocrx_word' id='word_1_34' title='bbox 1615 286 1736 332; x_wconf 69' lang='lat' dir='ltr'><strong>autem,</strong></span> <span class='ocrx_word' id='word_1_35' title='bbox 1753 328 1766 339; x_wconf 63' lang='lat'><em>.</em></span> 
     </span>
     <span class='ocr_line' id='line_1_6' title="bbox 107 338 1746 396; baseline 0.002 -13"><span class='ocrx_word' id='word_1_36' title='bbox 107 346 110 350; x_wconf 78' lang='grc'><em>’</em></span> <span class='ocrx_word' id='word_1_37' title='bbox 137 346 315 383; x_wconf 86' lang='lat' dir='ltr'><strong>nonnullas</strong></span> <span class='ocrx_word' id='word_1_38' title='bbox 351 347 602 392; x_wconf 85' lang='lat' dir='ltr'><strong>verborumque</strong></span> <span class='ocrx_word' id='word_1_39' title='bbox 635 346 763 382; x_wconf 81' lang='lat' dir='ltr'><strong>formas</strong></span> <span class='ocrx_word' id='word_1_40' title='bbox 803 349 955 382; x_wconf 88' lang='lat' dir='ltr'><strong>veterum</strong></span> <span class='ocrx_word' id='word_1_41' title='bbox 988 347 1220 384; x_wconf 86' lang='lat' dir='ltr'><strong>Romanorum</strong></span> <span class='ocrx_word' id='word_1_42' title='bbox 1264 348 1400 394; x_wconf 88' lang='lat' dir='ltr'><strong>scriptis</strong></span> <span class='ocrx_word' id='word_1_43' title='bbox 1433 348 1641 396; x_wconf 78' lang='lat' dir='ltr'><strong>desumpsit,</strong></span> <span class='ocrx_word' id='word_1_44' title='bbox 1678 338 1746 391; x_wconf 73' lang='lat' dir='ltr'><strong>vel-</strong></span> 
     </span>
     <span class='ocr_line' id='line_1_7' title="bbox 138 404 1730 477; baseline 0.003 -38"><span class='ocrx_word' id='word_1_45' title='bbox 138 404 254 451; x_wconf 87' lang='lat' dir='ltr'><strong>potius</strong></span> <span class='ocrx_word' id='word_1_46' title='bbox 280 405 437 440; x_wconf 90' lang='lat' dir='ltr'><strong>servavit</strong></span> <span class='ocrx_word' id='word_1_47' title='bbox 491 404 580 449; x_wconf 86' lang='lat' dir='ltr'><strong>Quas</strong></span> <span class='ocrx_word' id='word_1_48' title='bbox 606 415 740 440; x_wconf 87' lang='lat' dir='ltr'><strong>summa</strong></span> <span class='ocrx_word' id='word_1_49' title='bbox 766 404 942 451; x_wconf 79' lang='lat' dir='ltr'><strong>diligentia</strong></span> <span class='ocrx_word' id='word_1_50' title='bbox 967 405 1176 452; x_wconf 86' lang='lat' dir='ltr'><strong>collegerunt</strong></span> <span class='ocrx_word' id='word_1_51' title='bbox 1206 405 1372 449; x_wconf 86' lang='lat' dir='ltr'><strong>Gerlach,</strong></span> <span class='ocrx_word' id='word_1_52' title='bbox 1410 406 1538 442; x_wconf 87' lang='lat' dir='ltr'><strong>Paulus</strong></span> <span class='ocrx_word' id='word_1_53' title='bbox 1574 406 1730 477; x_wconf 79' lang='lat' dir='ltr'><strong>Schulze,</strong></span> 
     </span>
     <span class='ocr_line' id='line_1_8' title="bbox 138 462 1735 505; baseline -0.003 -7"><span class='ocrx_word' id='word_1_54' title='bbox 138 462 309 498; x_wconf 87' lang='lat' dir='ltr'><strong>Gustavus</strong></span> <span class='ocrx_word' id='word_1_55' title='bbox 333 462 516 505; x_wconf 83' lang='lat' dir='ltr'><strong>Briinnert,</strong></span> <span class='ocrx_word' id='word_1_56' title='bbox 543 462 608 497; x_wconf 91' lang='lat' dir='ltr'><strong>alii.</strong></span> <span class='ocrx_word' id='word_1_57' title='bbox 1733 468 1735 471; x_wconf 90' lang='lat'>·</span> 
     </span>
    </p>

    <p class='ocr_par' dir='ltr' id='par_1_4' title="bbox 136 520 1835 968">
     <span class='ocr_line' id='line_1_9' title="bbox 252 520 1835 567; baseline 0.003 -11"><span class='ocrx_word' id='word_1_58' title='bbox 252 521 320 556; x_wconf 88' lang='lat' dir='ltr'><strong>Sed</strong></span> <span class='ocrx_word' id='word_1_59' title='bbox 346 521 445 556; x_wconf 88' lang='lat' dir='ltr'><strong>mitto</strong></span> <span class='ocrx_word' id='word_1_60' title='bbox 471 521 565 562; x_wconf 88' lang='lat' dir='ltr'><strong>haec,</strong></span> <span class='ocrx_word' id='word_1_61' title='bbox 592 520 635 555; x_wconf 87' lang='lat' dir='ltr'><strong>ad</strong></span> <span class='ocrx_word' id='word_1_62' title='bbox 661 531 700 555; x_wconf 88' lang='lat' dir='ltr'><strong>ea</strong></span> <span class='ocrx_word' id='word_1_63' title='bbox 725 520 832 562; x_wconf 87' lang='lat' dir='ltr'><strong>venio,</strong></span> <span class='ocrx_word' id='word_1_64' title='bbox 859 531 956 566; x_wconf 87' lang='lat' dir='ltr'><strong>quae,</strong></span> <span class='ocrx_word' id='word_1_65' title='bbox 983 520 1018 556; x_wconf 91' lang='lat' dir='ltr'><strong>id</strong></span> <span class='ocrx_word' id='word_1_66' title='bbox 1044 521 1135 566; x_wconf 92' lang='lat' dir='ltr'><strong>quod</strong></span> <span class='ocrx_word' id='word_1_67' title='bbox 1161 521 1319 567; x_wconf 86' lang='lat' dir='ltr'><strong>quintum</strong></span> <span class='ocrx_word' id='word_1_68' title='bbox 1344 521 1550 567; x_wconf 82' lang='lat' dir='ltr'><strong>exprobrant</strong></span> <span class='ocrx_word' id='word_1_69' title='bbox 1571 522 1730 567; x_wconf 79' lang='lat' dir='ltr'><strong>Salustio‚</strong></span> <span class='ocrx_word' id='word_1_70' title='bbox 1804 532 1835 564; x_wconf 55' lang='grc' dir='ltr'>ζὴ</span> 
     </span>
     <span class='ocr_line' id='line_1_10' title="bbox 136 567 1835 626; baseline 0.001 -12"><span class='ocrx_word' id='word_1_71' title='bbox 136 578 178 614; x_wconf 89' lang='lat' dir='ltr'><strong>ad</strong></span> <span class='ocrx_word' id='word_1_72' title='bbox 204 589 365 624; x_wconf 85' lang='lat' dir='ltr'><strong>graeca</strong></span> <span class='ocrx_word' id='word_1_73' title='bbox 391 577 669 622; x_wconf 80' lang='lat' dir='ltr'><strong>exemplaria</strong></span> <span class='ocrx_word' id='word_1_74' title='bbox 694 577 1063 613; x_wconf 85' lang='lat' dir='ltr'><strong>conformaverit.</strong></span> <span class='ocrx_word' id='word_1_75' title='bbox 1104 578 1219 623; x_wconf 86' lang='lat' dir='ltr'><strong>Atque</strong></span> <span class='ocrx_word' id='word_1_76' title='bbox 1244 581 1281 614; x_wconf 92' lang='lat' dir='ltr'><strong>ut</strong></span> <span class='ocrx_word' id='word_1_77' title='bbox 1306 590 1325 614; x_wconf 87' lang='lat' dir='ltr'><strong>a</strong></span> <span class='ocrx_word' id='word_1_78' title='bbox 1350 578 1501 614; x_wconf 90' lang='lat' dir='ltr'><strong>minimis</strong></span> <span class='ocrx_word' id='word_1_79' title='bbox 1525 579 1751 626; x_wconf 69' lang='lat' dir='ltr'><strong>principium&#39;</strong></span> <span class='ocrx_word' id='word_1_80' title='bbox 1800 567 1835 625; x_wconf 43' lang='grc' dir='ltr'>ἦ</span> 
     </span>
     <span class='ocr_line' id='line_1_11' title="bbox 138 634 1835 683; baseline 0.002 -13"><span class='ocrx_word' id='word_1_81' title='bbox 138 647 281 677; x_wconf 88' lang='lat' dir='ltr'><strong>sumam,</strong></span> <span class='ocrx_word' id='word_1_82' title='bbox 322 636 406 671; x_wconf 85' lang='lat' dir='ltr'><strong>haec</strong></span> <span class='ocrx_word' id='word_1_83' title='bbox 445 636 515 670; x_wconf 82' lang='lat' dir='ltr'><strong>fere</strong></span> <span class='ocrx_word' id='word_1_84' title='bbox 555 635 655 670; x_wconf 82' lang='lat' dir='ltr'><strong>verba</strong></span> <span class='ocrx_word' id='word_1_85' title='bbox 692 645 732 669; x_wconf 85' lang='lat' dir='ltr'><strong>ex</strong></span> <span class='ocrx_word' id='word_1_86' title='bbox 771 634 899 670; x_wconf 78' lang='lat' dir='ltr'><strong>Graeco</strong></span> <span class='ocrx_word' id='word_1_87' title='bbox 938 646 1092 671; x_wconf 84' lang='lat' dir='ltr'><strong>sermone</strong></span> <span class='ocrx_word' id='word_1_88' title='bbox 1131 636 1322 672; x_wconf 77' lang='lat' dir='ltr'><strong>transtulit:</strong></span> <span class='ocrx_word' id='word_1_89' title='bbox 1354 636 1469 672; x_wconf 77' lang='lat' dir='ltr'><strong>aulaea</strong></span> <span class='ocrx_word' id='word_1_90' title='bbox 1493 636 1538 672; x_wconf 90' lang='lat' dir='ltr'><strong>H.</strong></span> <span class='ocrx_word' id='word_1_91' title='bbox 1565 637 1597 674; x_wconf 86' lang='lat'><strong>2.</strong></span> <span class='ocrx_word' id='word_1_92' title='bbox 1624 637 1680 681; x_wconf 87' lang='lat'><strong>23,</strong></span> <span class='ocrx_word' id='word_1_93' title='bbox 1707 638 1760 673; x_wconf 89' lang='grc'>2</span> <span class='ocrx_word' id='word_1_94' title='bbox 1802 641 1835 683; x_wconf 40' lang='lat'><strong>55.</strong></span> 
     </span>
     <span class='ocr_line' id='line_1_12' title="bbox 137 691 1818 739; baseline 0.001 -11"><span class='ocrx_word' id='word_1_95' title='bbox 137 693 292 734; x_wconf 85' lang='lat' dir='ltr'><strong>Dietseh,</strong></span> <span class='ocrx_word' id='word_1_96' title='bbox 320 692 586 738; x_wconf 83' lang='lat' dir='ltr'><strong>myoparonibus</strong></span> <span class='ocrx_word' id='word_1_97' title='bbox 614 691 709 736; x_wconf 88' lang='lat' dir='ltr'><strong>(abl.)</strong></span> <span class='ocrx_word' id='word_1_98' title='bbox 737 692 779 727; x_wconf 89' lang='lat' dir='ltr'><strong>H.</strong></span> <span class='ocrx_word' id='word_1_99' title='bbox 807 693 839 734; x_wconf 88' lang='lat'><strong>3,</strong></span> <span class='ocrx_word' id='word_1_100' title='bbox 867 693 924 735; x_wconf 83' lang='lat'><strong>56,</strong></span> <span class='ocrx_word' id='word_1_101' title='bbox 952 692 1107 737; x_wconf 84' lang='lat' dir='ltr'><strong>phaleras</strong></span> <span class='ocrx_word' id='word_1_102' title='bbox 1133 693 1218 738; x_wconf 84' lang='lat' dir='ltr'><strong>(acc.</strong></span> <span class='ocrx_word' id='word_1_103' title='bbox 1245 693 1349 738; x_wconf 86' lang='lat' dir='ltr'><strong>plur.)</strong></span> <span class='ocrx_word' id='word_1_104' title='bbox 1374 693 1448 739; x_wconf 88' lang='lat' dir='ltr'><strong>Iug.</strong></span> <span class='ocrx_word' id='word_1_105' title='bbox 1476 694 1538 736; x_wconf 89' lang='lat'><strong>85,</strong></span> <span class='ocrx_word' id='word_1_106' title='bbox 1564 694 1621 737; x_wconf 89' lang='grc'><strong>29,</strong></span> <span class='ocrx_word' id='word_1_107' title='bbox 1647 694 1732 739; x_wconf 75' lang='lat' dir='ltr'><strong>pha&#39;-</strong></span> <span class='ocrx_word' id='word_1_108' title='bbox 1810 695 1818 704; x_wconf 69' lang='lat'>²</span> 
     </span>
     <span class='ocr_line' id='line_1_13' title="bbox 137 749 1835 796; baseline 0.001 -11"><span class='ocrx_word' id='word_1_109' title='bbox 137 750 208 785; x_wconf 91' lang='lat' dir='ltr'><strong>selo</strong></span> <span class='ocrx_word' id='word_1_110' title='bbox 235 750 329 793; x_wconf 88' lang='lat' dir='ltr'><strong>(abl.)</strong></span> <span class='ocrx_word' id='word_1_111' title='bbox 357 750 400 784; x_wconf 89' lang='lat' dir='ltr'><strong>H.</strong></span> <span class='ocrx_word' id='word_1_112' title='bbox 428 751 468 791; x_wconf 83' lang='lat'><strong>3,</strong></span> <span class='ocrx_word' id='word_1_113' title='bbox 499 750 554 789; x_wconf 85' lang='lat'><strong>56,</strong></span> <span class='ocrx_word' id='word_1_114' title='bbox 595 749 720 794; x_wconf 83' lang='lat' dir='ltr'><strong>piratas</strong></span> <span class='ocrx_word' id='word_1_115' title='bbox 747 749 834 795; x_wconf 85' lang='lat' dir='ltr'><strong>(aec.</strong></span> <span class='ocrx_word' id='word_1_116' title='bbox 862 749 924 795; x_wconf 88' lang='lat' dir='ltr'><strong>pl.)</strong></span> <span class='ocrx_word' id='word_1_117' title='bbox 961 749 1004 784; x_wconf 88' lang='lat' dir='ltr'><strong>H.</strong></span> <span class='ocrx_word' id='word_1_118' title='bbox 1032 750 1072 792; x_wconf 87' lang='lat'><strong>3,</strong></span> <span class='ocrx_word' id='word_1_119' title='bbox 1100 752 1144 785; x_wconf 86' lang='lat'>55</span> <span class='ocrx_word' id='word_1_120' title='bbox 1183 761 1274 795; x_wconf 86' lang='lat' dir='ltr'><strong>susp.</strong></span> <span class='ocrx_word' id='word_1_121' title='bbox 1301 751 1442 796; x_wconf 87' lang='lat' dir='ltr'><strong>piratica</strong></span> <span class='ocrx_word' id='word_1_122' title='bbox 1466 751 1600 796; x_wconf 87' lang='lat' dir='ltr'><strong>navigia</strong></span> <span class='ocrx_word' id='word_1_123' title='bbox 1623 750 1667 786; x_wconf 91' lang='lat' dir='ltr'><strong>H.</strong></span> <span class='ocrx_word' id='word_1_124' title='bbox 1694 752 1727 794; x_wconf 89' lang='grc'><strong>2,</strong></span> <span class='ocrx_word' id='word_1_125' title='bbox 1834 775 1835 778; x_wconf 53' lang='lat'><em>=</em></span> 
     </span>
     <span class='ocr_line' id='line_1_14' title="bbox 136 805 1747 853; baseline 0 -10"><span class='ocrx_word' id='word_1_126' title='bbox 136 808 193 850; x_wconf 88' lang='lat'><strong>56,</strong></span> <span class='ocrx_word' id='word_1_127' title='bbox 221 807 363 853; x_wconf 79' lang='lat' dir='ltr'><strong>piratica</strong></span> <span class='ocrx_word' id='word_1_128' title='bbox 389 807 509 842; x_wconf 85' lang='lat' dir='ltr'><strong>famosi</strong></span> <span class='ocrx_word' id='word_1_129' title='bbox 535 806 578 841; x_wconf 90' lang='lat' dir='ltr'><strong>H.</strong></span> <span class='ocrx_word' id='word_1_130' title='bbox 607 807 672 841; x_wconf 84' lang='lat' dir='ltr'><strong>ine.</strong></span> <span class='ocrx_word' id='word_1_131' title='bbox 701 808 733 849; x_wconf 87' lang='lat'><strong>8,</strong></span> <span class='ocrx_word' id='word_1_132' title='bbox 761 806 903 852; x_wconf 87' lang='lat' dir='ltr'><strong>psallere</strong></span> <span class='ocrx_word' id='word_1_133' title='bbox 930 805 1001 842; x_wconf 87' lang='lat' dir='ltr'><strong>Cat.</strong></span> <span class='ocrx_word' id='word_1_134' title='bbox 1021 808 1077 850; x_wconf 86' lang='grc'><strong>25,</strong></span> <span class='ocrx_word' id='word_1_135' title='bbox 1096 808 1129 850; x_wconf 90' lang='grc'><strong>2,</strong></span> <span class='ocrx_word' id='word_1_136' title='bbox 1157 808 1328 843; x_wconf 82' lang='lat' dir='ltr'><strong>tetrarcha</strong></span> <span class='ocrx_word' id='word_1_137' title='bbox 1353 808 1424 843; x_wconf 88' lang='lat' dir='ltr'><strong>Cat.</strong></span> <span class='ocrx_word' id='word_1_138' title='bbox 1440 808 1496 850; x_wconf 88' lang='lat'><strong>20,</strong></span> <span class='ocrx_word' id='word_1_139' title='bbox 1512 808 1543 843; x_wconf 92' lang='lat'><strong>7.</strong></span> <span class='ocrx_word' id='word_1_140' title='bbox 1570 808 1612 842; x_wconf 92' lang='lat' dir='ltr'><strong>H.</strong></span> <span class='ocrx_word' id='word_1_141' title='bbox 1626 808 1660 850; x_wconf 94' lang='lat'><strong>4,</strong></span> <span class='ocrx_word' id='word_1_142' title='bbox 1674 808 1747 843; x_wconf 33' lang='lat'><strong>49..</strong></span> 
     </span>
     <span class='ocr_line' id='line_1_15' title="bbox 137 864 1825 911; baseline 0.001 -11"><span class='ocrx_word' id='word_1_143' title='bbox 137 865 330 900; x_wconf 81' lang='lat' dir='ltr'><strong>tetrarchiis</strong></span> <span class='ocrx_word' id='word_1_144' title='bbox 356 865 398 900; x_wconf 90' lang='lat' dir='ltr'><strong>H.</strong></span> <span class='ocrx_word' id='word_1_145' title='bbox 426 865 459 906; x_wconf 94' lang='lat'><strong>4,</strong></span> <span class='ocrx_word' id='word_1_146' title='bbox 487 865 530 899; x_wconf 98' lang='lat'><strong>61</strong></span> <span class='ocrx_word' id='word_1_147' title='bbox 558 864 673 910; x_wconf 86' lang='lat' dir='ltr'><strong>(epist.</strong></span> <span class='ocrx_word' id='word_1_148' title='bbox 701 864 836 904; x_wconf 85' lang='lat' dir='ltr'><strong>Mithr.)</strong></span> <span class='ocrx_word' id='word_1_149' title='bbox 865 865 918 906; x_wconf 92' lang='lat'><strong>10,</strong></span> <span class='ocrx_word' id='word_1_150' title='bbox 948 867 1101 899; x_wconf 84' lang='lat' dir='ltr'><strong>toreuma</strong></span> <span class='ocrx_word' id='word_1_151' title='bbox 1126 864 1196 900; x_wconf 89' lang='lat' dir='ltr'><strong>Cat.</strong></span> <span class='ocrx_word' id='word_1_152' title='bbox 1215 865 1273 907; x_wconf 85' lang='lat'><strong>20,</strong></span> <span class='ocrx_word' id='word_1_153' title='bbox 1298 866 1362 908; x_wconf 85' lang='lat'><strong>213</strong></span> <span class='ocrx_word' id='word_1_154' title='bbox 1390 868 1553 911; x_wconf 83' lang='lat' dir='ltr'><strong>tyrannus</strong></span> <span class='ocrx_word' id='word_1_155' title='bbox 1566 864 1608 901; x_wconf 87' lang='lat' dir='ltr'><strong>H.</strong></span> <span class='ocrx_word' id='word_1_156' title='bbox 1627 866 1656 907; x_wconf 94' lang='lat'><strong>1,</strong></span> <span class='ocrx_word' id='word_1_157' title='bbox 1671 866 1728 901; x_wconf 90' lang='lat'><strong>42.</strong></span> <span class='ocrx_word' id='word_1_158' title='bbox 1789 865 1825 911; x_wconf 59' lang='grc' dir='ltr'><strong>,ζ</strong></span> 
     </span>
     <span class='ocr_line' id='line_1_16' title="bbox 137 921 1285 968; baseline 0.002 -11"><span class='ocrx_word' id='word_1_159' title='bbox 137 923 290 968; x_wconf 86' lang='lat' dir='ltr'><strong>tyrannis</strong></span> <span class='ocrx_word' id='word_1_160' title='bbox 316 923 358 957; x_wconf 88' lang='lat' dir='ltr'><strong>H.</strong></span> <span class='ocrx_word' id='word_1_161' title='bbox 390 923 419 963; x_wconf 93' lang='grc'><strong>1,</strong></span> <span class='ocrx_word' id='word_1_162' title='bbox 445 923 489 957; x_wconf 86' lang='grc'><strong>41</strong></span> <span class='ocrx_word' id='word_1_163' title='bbox 519 925 580 964; x_wconf 89' lang='lat' dir='ltr'><strong>(or.</strong></span> <span class='ocrx_word' id='word_1_164' title='bbox 609 921 709 967; x_wconf 90' lang='lat' dir='ltr'><strong>Lep.)</strong></span> <span class='ocrx_word' id='word_1_165' title='bbox 738 923 766 957; x_wconf 91' lang='grc'><strong>1.</strong></span> <span class='ocrx_word' id='word_1_166' title='bbox 795 923 825 957; x_wconf 92' lang='grc'><strong>7.</strong></span> <span class='ocrx_word' id='word_1_167' title='bbox 853 923 909 964; x_wconf 89' lang='grc'><strong>22,</strong></span> <span class='ocrx_word' id='word_1_168' title='bbox 937 925 1074 967; x_wconf 85' lang='lat' dir='ltr'><strong>tropaea</strong></span> <span class='ocrx_word' id='word_1_169' title='bbox 1099 923 1142 957; x_wconf 94' lang='lat' dir='ltr'><strong>H.</strong></span> <span class='ocrx_word' id='word_1_170' title='bbox 1169 924 1202 965; x_wconf 84' lang='lat'><strong>4,</strong></span> <span class='ocrx_word' id='word_1_171' title='bbox 1228 924 1285 959; x_wconf 83' lang='lat'><strong>29.</strong></span> 
     </span>
    </p>

    <p class='ocr_par' dir='ltr' id='par_1_5' title="bbox 118 979 1832 1885">
     <span class='ocr_line' id='line_1_17' title="bbox 251 979 1727 1027; baseline 0.001 -13"><span class='ocrx_word' id='word_1_172' title='bbox 251 979 434 1021; x_wconf 85' lang='lat' dir='ltr'><strong>Vocabula,</strong></span> <span class='ocrx_word' id='word_1_173' title='bbox 462 990 549 1025; x_wconf 80' lang='lat' dir='ltr'><strong>quae</strong></span> <span class='ocrx_word' id='word_1_174' title='bbox 575 979 781 1014; x_wconf 78' lang='lat' dir='ltr'><strong>Graecorum</strong></span> <span class='ocrx_word' id='word_1_175' title='bbox 807 980 908 1014; x_wconf 88' lang='lat' dir='ltr'><strong>modo</strong></span> <span class='ocrx_word' id='word_1_176' title='bbox 935 981 1076 1023; x_wconf 80' lang='lat' dir='ltr'><strong>cadunt,</strong></span> <span class='ocrx_word' id='word_1_177' title='bbox 1116 983 1196 1015; x_wconf 90' lang='lat' dir='ltr'><strong>sunt</strong></span> <span class='ocrx_word' id='word_1_178' title='bbox 1229 980 1389 1015; x_wconf 88' lang='lat' dir='ltr'><strong>nonnulla</strong></span> <span class='ocrx_word' id='word_1_179' title='bbox 1420 981 1558 1015; x_wconf 68' lang='lat' dir='ltr'><strong>nom&#39;ina</strong></span> <span class='ocrx_word' id='word_1_180' title='bbox 1582 981 1727 1027; x_wconf 86' lang='lat' dir='ltr'><strong>propria,</strong></span> 
     </span>
     <span class='ocr_line' id='line_1_18' title="bbox 137 1037 1725 1085; baseline 0 -11"><span class='ocrx_word' id='word_1_181' title='bbox 137 1050 223 1085; x_wconf 88' lang='lat' dir='ltr'><strong>quae</strong></span> <span class='ocrx_word' id='word_1_182' title='bbox 249 1039 283 1073; x_wconf 89' lang='lat' dir='ltr'><strong>in</strong></span> <span class='ocrx_word' id='word_1_183' title='bbox 310 1038 530 1073; x_wconf 84' lang='lat' dir='ltr'><strong>historiarum</strong></span> <span class='ocrx_word' id='word_1_184' title='bbox 556 1037 650 1072; x_wconf 89' lang='lat' dir='ltr'><strong>libris</strong></span> <span class='ocrx_word' id='word_1_185' title='bbox 675 1038 910 1080; x_wconf 88' lang='lat' dir='ltr'><strong>inveniuntur,</strong></span> <span class='ocrx_word' id='word_1_186' title='bbox 952 1049 1058 1083; x_wconf 87' lang='lat' dir='ltr'><strong>pauca</strong></span> <span class='ocrx_word' id='word_1_187' title='bbox 1083 1038 1118 1073; x_wconf 94' lang='lat' dir='ltr'><strong>in</strong></span> <span class='ocrx_word' id='word_1_188' title='bbox 1144 1037 1307 1074; x_wconf 84' lang='lat' dir='ltr'><strong>Catilinae</strong></span> <span class='ocrx_word' id='word_1_189' title='bbox 1338 1041 1372 1073; x_wconf 91' lang='lat' dir='ltr'><strong>et</strong></span> <span class='ocrx_word' id='word_1_190' title='bbox 1405 1038 1591 1085; x_wconf 86' lang='lat' dir='ltr'><strong>Iugurthae</strong></span> <span class='ocrx_word' id='word_1_191' title='bbox 1621 1038 1725 1082; x_wconf 82' lang='lat' dir='ltr'><strong>fibris,</strong></span> 
     </span>
     <span class='ocr_line' id='line_1_19' title="bbox 137 1094 1728 1141; baseline 0.001 -11"><span class='ocrx_word' id='word_1_192' title='bbox 137 1099 175 1130; x_wconf 87' lang='lat' dir='ltr'><strong>ut</strong></span> <span class='ocrx_word' id='word_1_193' title='bbox 199 1096 329 1131; x_wconf 84' lang='lat' dir='ltr'><strong>Persen</strong></span> <span class='ocrx_word' id='word_1_194' title='bbox 354 1095 428 1141; x_wconf 85' lang='lat' dir='ltr'><strong>Iug.</strong></span> <span class='ocrx_word' id='word_1_195' title='bbox 458 1096 514 1133; x_wconf 84' lang='lat'><strong>81,</strong></span> <span class='ocrx_word' id='word_1_196' title='bbox 544 1096 575 1131; x_wconf 91' lang='lat'>1.</span> <span class='ocrx_word' id='word_1_197' title='bbox 602 1094 705 1129; x_wconf 89' lang='lat' dir='ltr'><strong>Perse</strong></span> <span class='ocrx_word' id='word_1_198' title='bbox 731 1094 801 1129; x_wconf 87' lang='lat' dir='ltr'><strong>Cat.</strong></span> <span class='ocrx_word' id='word_1_199' title='bbox 828 1095 885 1136; x_wconf 84' lang='lat'><strong>51,</strong></span> <span class='ocrx_word' id='word_1_200' title='bbox 912 1095 944 1129; x_wconf 85' lang='lat'><strong>5.</strong></span> <span class='ocrx_word' id='word_1_201' title='bbox 978 1094 1108 1139; x_wconf 83' lang='lat' dir='ltr'><strong>Cyrene</strong></span> <span class='ocrx_word' id='word_1_202' title='bbox 1134 1095 1207 1140; x_wconf 84' lang='lat' dir='ltr'><strong>Iug.</strong></span> <span class='ocrx_word' id='word_1_203' title='bbox 1236 1096 1290 1130; x_wconf 92' lang='lat'>19.</span> <span class='ocrx_word' id='word_1_204' title='bbox 1317 1097 1354 1138; x_wconf 89' lang='lat'>3,</span> <span class='ocrx_word' id='word_1_205' title='bbox 1391 1096 1540 1141; x_wconf 84' lang='lat' dir='ltr'><strong>Cyrenes</strong></span> <span class='ocrx_word' id='word_1_206' title='bbox 1566 1096 1609 1130; x_wconf 88' lang='lat' dir='ltr'><strong>H.</strong></span> <span class='ocrx_word' id='word_1_207' title='bbox 1636 1096 1669 1138; x_wconf 90' lang='grc'><strong>2,</strong></span> <span class='ocrx_word' id='word_1_208' title='bbox 1695 1096 1728 1131; x_wconf 80' lang='grc'><strong>5.</strong></span> 
     </span>
     <span class='ocr_line' id='line_1_20' title="bbox 137 1151 1729 1199; baseline -0.001 -10"><span class='ocrx_word' id='word_1_209' title='bbox 137 1153 385 1189; x_wconf 83' lang='lat' dir='ltr'><strong>Catabathmon</strong></span> <span class='ocrx_word' id='word_1_210' title='bbox 419 1151 524 1198; x_wconf 82' lang='lat' dir='ltr'><strong>(acc.)</strong></span> <span class='ocrx_word' id='word_1_211' title='bbox 559 1151 632 1197; x_wconf 85' lang='lat' dir='ltr'><strong>Iug.</strong></span> <span class='ocrx_word' id='word_1_212' title='bbox 662 1152 716 1194; x_wconf 93' lang='lat'><strong>17,</strong></span> <span class='ocrx_word' id='word_1_213' title='bbox 743 1152 776 1187; x_wconf 91' lang='lat'><strong>4.</strong></span> <span class='ocrx_word' id='word_1_214' title='bbox 805 1154 839 1187; x_wconf 93' lang='lat' dir='ltr'><strong>et</strong></span> <span class='ocrx_word' id='word_1_215' title='bbox 868 1153 925 1195; x_wconf 88' lang='lat'><strong>19,</strong></span> <span class='ocrx_word' id='word_1_216' title='bbox 953 1152 985 1187; x_wconf 88' lang='lat'><strong>3.</strong></span> <span class='ocrx_word' id='word_1_217' title='bbox 1014 1151 1189 1187; x_wconf 82' lang='lat' dir='ltr'><strong>Theraeon</strong></span> <span class='ocrx_word' id='word_1_218' title='bbox 1223 1154 1257 1187; x_wconf 85' lang='lat' dir='ltr'><strong>et</strong></span> <span class='ocrx_word' id='word_1_219' title='bbox 1291 1151 1479 1188; x_wconf 88' lang='lat' dir='ltr'><strong>Philaenon</strong></span> <span class='ocrx_word' id='word_1_220' title='bbox 1511 1154 1600 1199; x_wconf 82' lang='lat' dir='ltr'><strong>(gen.</strong></span> <span class='ocrx_word' id='word_1_221' title='bbox 1627 1152 1729 1198; x_wconf 85' lang='lat' dir='ltr'><strong>plur.)</strong></span> 
     </span>
     <span class='ocr_line' id='line_1_21' title="bbox 118 1209 1732 1257; baseline 0 -11"><span class='ocrx_word' id='word_1_222' title='bbox 118 1211 211 1257; x_wconf 78' lang='lat' dir='ltr'><strong>¹Iug.</strong></span> <span class='ocrx_word' id='word_1_223' title='bbox 242 1212 297 1251; x_wconf 89' lang='lat'><strong>19,</strong></span> <span class='ocrx_word' id='word_1_224' title='bbox 324 1212 356 1245; x_wconf 84' lang='lat'><strong>3.</strong></span> <span class='ocrx_word' id='word_1_225' title='bbox 396 1210 571 1244; x_wconf 89' lang='lat' dir='ltr'><strong>Nomadas</strong></span> <span class='ocrx_word' id='word_1_226' title='bbox 598 1211 682 1254; x_wconf 85' lang='lat' dir='ltr'><strong>(acc.</strong></span> <span class='ocrx_word' id='word_1_227' title='bbox 710 1209 814 1254; x_wconf 89' lang='lat' dir='ltr'><strong>plur.)</strong></span> <span class='ocrx_word' id='word_1_228' title='bbox 840 1210 913 1254; x_wconf 83' lang='lat' dir='ltr'><strong>lug.</strong></span> <span class='ocrx_word' id='word_1_229' title='bbox 943 1210 996 1251; x_wconf 91' lang='lat'><strong>18,</strong></span> <span class='ocrx_word' id='word_1_230' title='bbox 1025 1210 1056 1244; x_wconf 95' lang='lat'><strong>7.</strong></span> <span class='ocrx_word' id='word_1_231' title='bbox 1084 1210 1273 1254; x_wconf 87' lang='lat' dir='ltr'><strong>Aethiopas</strong></span> <span class='ocrx_word' id='word_1_232' title='bbox 1305 1209 1380 1255; x_wconf 85' lang='lat' dir='ltr'><strong>Iug.</strong></span> <span class='ocrx_word' id='word_1_233' title='bbox 1409 1210 1463 1252; x_wconf 88' lang='lat'>19,</span> <span class='ocrx_word' id='word_1_234' title='bbox 1491 1212 1523 1245; x_wconf 90' lang='lat'><strong>6.</strong></span> <span class='ocrx_word' id='word_1_235' title='bbox 1573 1210 1613 1245; x_wconf 93' lang='lat' dir='ltr'><strong>In</strong></span> <span class='ocrx_word' id='word_1_236' title='bbox 1639 1221 1732 1246; x_wconf 90' lang='lat' dir='ltr'><strong>com-</strong></span> 
     </span>
     <span class='ocr_line' id='line_1_22' title="bbox 136 1266 1732 1314; baseline -0.001 -10"><span class='ocrx_word' id='word_1_237' title='bbox 136 1268 304 1314; x_wconf 85' lang='lat' dir='ltr'><strong>positione</strong></span> <span class='ocrx_word' id='word_1_238' title='bbox 332 1268 523 1309; x_wconf 91' lang='lat' dir='ltr'><strong>verborum,</strong></span> <span class='ocrx_word' id='word_1_239' title='bbox 551 1277 653 1312; x_wconf 90' lang='lat' dir='ltr'><strong>quam</strong></span> <span class='ocrx_word' id='word_1_240' title='bbox 679 1266 839 1312; x_wconf 85' lang='lat' dir='ltr'><strong>syntaxin</strong></span> <span class='ocrx_word' id='word_1_241' title='bbox 865 1267 983 1302; x_wconf 85' lang='lat' dir='ltr'><strong>dicunt</strong></span> <span class='ocrx_word' id='word_1_242' title='bbox 1017 1267 1247 1313; x_wconf 85' lang='lat' dir='ltr'><strong>grammatici,</strong></span> <span class='ocrx_word' id='word_1_243' title='bbox 1282 1266 1390 1302; x_wconf 86' lang='lat' dir='ltr'><strong>multa</strong></span> <span class='ocrx_word' id='word_1_244' title='bbox 1423 1266 1510 1302; x_wconf 85' lang='lat' dir='ltr'><strong>male</strong></span> <span class='ocrx_word' id='word_1_245' title='bbox 1544 1266 1732 1302; x_wconf 88' lang='lat' dir='ltr'><strong>retulerunt</strong></span> 
     </span>
     <span class='ocr_line' id='line_1_23' title="bbox 136 1323 1732 1371; baseline -0.001 -9"><span class='ocrx_word' id='word_1_246' title='bbox 136 1327 180 1363; x_wconf 90' lang='lat' dir='ltr'><strong>ad</strong></span> <span class='ocrx_word' id='word_1_247' title='bbox 206 1326 412 1362; x_wconf 81' lang='lat' dir='ltr'><strong>Graecorum</strong></span> <span class='ocrx_word' id='word_1_248' title='bbox 440 1336 540 1360; x_wconf 91' lang='lat' dir='ltr'><strong>usum</strong></span> <span class='ocrx_word' id='word_1_249' title='bbox 565 1324 747 1371; x_wconf 91' lang='lat' dir='ltr'><strong>loquendi,</strong></span> <span class='ocrx_word' id='word_1_250' title='bbox 786 1326 825 1360; x_wconf 91' lang='lat' dir='ltr'><strong>ut</strong></span> <span class='ocrx_word' id='word_1_251' title='bbox 849 1335 903 1367; x_wconf 87' lang='lat' dir='ltr'><strong>ea,</strong></span> <span class='ocrx_word' id='word_1_252' title='bbox 943 1335 1029 1371; x_wconf 90' lang='lat' dir='ltr'><strong>quae</strong></span> <span class='ocrx_word' id='word_1_253' title='bbox 1055 1324 1143 1359; x_wconf 81' lang='grc' dir='ltr'><strong><em>κατὰ</em></strong></span> <span class='ocrx_word' id='word_1_254' title='bbox 1167 1323 1313 1368; x_wconf 80' lang='grc' dir='ltr'>σύνεσιν,</span> <span class='ocrx_word' id='word_1_255' title='bbox 1347 1335 1449 1371; x_wconf 89' lang='lat' dir='ltr'><strong>quam</strong></span> <span class='ocrx_word' id='word_1_256' title='bbox 1475 1324 1612 1367; x_wconf 88' lang='grc'><strong>(11011111,</strong></span> <span class='ocrx_word' id='word_1_257' title='bbox 1652 1326 1732 1360; x_wconf 85' lang='grc'><strong>511111</strong></span> 
     </span>
     <span class='ocr_line' id='line_1_24' title="bbox 137 1382 1730 1428; baseline -0.001 -9"><span class='ocrx_word' id='word_1_258' title='bbox 137 1385 365 1420; x_wconf 86' lang='lat' dir='ltr'><strong>conformata:</strong></span> <span class='ocrx_word' id='word_1_259' title='bbox 393 1383 463 1418; x_wconf 88' lang='lat' dir='ltr'><strong>Cat.</strong></span> <span class='ocrx_word' id='word_1_260' title='bbox 494 1384 547 1425; x_wconf 88' lang='lat'><strong>18,</strong></span> <span class='ocrx_word' id='word_1_261' title='bbox 576 1385 614 1417; x_wconf 85' lang='lat'>5:</span> <span class='ocrx_word' id='word_1_262' title='bbox 642 1383 918 1417; x_wconf 85' lang='lat' dir='ltr'><strong>coniuravere-de</strong></span> <span class='ocrx_word' id='word_1_263' title='bbox 944 1394 1011 1428; x_wconf 87' lang='lat' dir='ltr'><strong>qua</strong></span> <span class='ocrx_word' id='word_1_264' title='bbox 1037 1383 1311 1428; x_wconf 84' lang='lat' dir='ltr'><strong>(coniuratione),</strong></span> <span class='ocrx_word' id='word_1_265' title='bbox 1339 1382 1412 1418; x_wconf 91' lang='lat' dir='ltr'><strong>Cat.</strong></span> <span class='ocrx_word' id='word_1_266' title='bbox 1438 1382 1496 1425; x_wconf 86' lang='lat'><strong>56,</strong></span> <span class='ocrx_word' id='word_1_267' title='bbox 1530 1382 1553 1417; x_wconf 83' lang='lat'>5</span> <span class='ocrx_word' id='word_1_268' title='bbox 1579 1382 1730 1418; x_wconf 82' lang='lat' dir='ltr'><strong>servitia-</strong></span> 
     </span>
     <span class='ocr_line' id='line_1_25' title="bbox 136 1438 1727 1485; baseline -0.001 -9"><span class='ocrx_word' id='word_1_269' title='bbox 136 1442 249 1483; x_wconf 90' lang='lat' dir='ltr'><strong>cuius,</strong></span> <span class='ocrx_word' id='word_1_270' title='bbox 281 1440 355 1485; x_wconf 88' lang='lat' dir='ltr'><strong>Iug.</strong></span> <span class='ocrx_word' id='word_1_271' title='bbox 384 1440 470 1481; x_wconf 90' lang='grc'>102,</span> <span class='ocrx_word' id='word_1_272' title='bbox 497 1439 520 1474; x_wconf 83' lang='grc'><strong>5</strong></span> <span class='ocrx_word' id='word_1_273' title='bbox 545 1438 670 1485; x_wconf 92' lang='lat' dir='ltr'><strong>populo</strong></span> <span class='ocrx_word' id='word_1_274' title='bbox 695 1439 849 1475; x_wconf 87' lang='lat' dir='ltr'><strong>Romano</strong></span> <span class='ocrx_word' id='word_1_275' title='bbox 875 1439 1173 1485; x_wconf 90' lang='lat' dir='ltr'><strong>visum-tutiusque</strong></span> <span class='ocrx_word' id='word_1_276' title='bbox 1198 1440 1285 1475; x_wconf 90' lang='lat' dir='ltr'><strong>rati</strong></span> <span class='ocrx_word' id='word_1_277' title='bbox 1300 1440 1325 1484; x_wconf 91' lang='lat'><strong>¹)</strong></span> <span class='ocrx_word' id='word_1_278' title='bbox 1353 1439 1396 1474; x_wconf 92' lang='lat' dir='ltr'><strong>H.</strong></span> <span class='ocrx_word' id='word_1_279' title='bbox 1411 1439 1444 1474; x_wconf 89' lang='lat'><strong>3.</strong></span> <span class='ocrx_word' id='word_1_280' title='bbox 1459 1440 1503 1474; x_wconf 89' lang='lat'>61</span> <span class='ocrx_word' id='word_1_281' title='bbox 1529 1440 1589 1484; x_wconf 86' lang='lat' dir='ltr'><strong>(or.</strong></span> <span class='ocrx_word' id='word_1_282' title='bbox 1603 1439 1727 1483; x_wconf 81' lang='lat' dir='ltr'><strong>Macri)</strong></span> 
     </span>
     <span class='ocr_line' id='line_1_26' title="bbox 138 1495 1731 1545; baseline -0.002 -11"><span class='ocrx_word' id='word_1_283' title='bbox 138 1498 202 1545; x_wconf 71' lang='lat'><strong>15,</strong></span> <span class='ocrx_word' id='word_1_284' title='bbox 229 1497 421 1544; x_wconf 88' lang='lat' dir='ltr'><strong>virilia-quo</strong></span> <span class='ocrx_word' id='word_1_285' title='bbox 435 1497 472 1541; x_wconf 80' lang='lat'><strong>²).</strong></span> <span class='ocrx_word' id='word_1_286' title='bbox 523 1496 587 1531; x_wconf 91' lang='lat' dir='ltr'><strong>His</strong></span> <span class='ocrx_word' id='word_1_287' title='bbox 613 1496 704 1532; x_wconf 89' lang='lat' dir='ltr'><strong>enim</strong></span> <span class='ocrx_word' id='word_1_288' title='bbox 730 1498 764 1532; x_wconf 91' lang='lat' dir='ltr'><strong>et</strong></span> <span class='ocrx_word' id='word_1_289' title='bbox 789 1496 912 1532; x_wconf 89' lang='lat' dir='ltr'><strong>talibus</strong></span> <span class='ocrx_word' id='word_1_290' title='bbox 938 1495 1163 1532; x_wconf 86' lang='lat' dir='ltr'><strong>locutionibus</strong></span> <span class='ocrx_word' id='word_1_291' title='bbox 1188 1498 1222 1532; x_wconf 91' lang='lat' dir='ltr'><strong>et</strong></span> <span class='ocrx_word' id='word_1_292' title='bbox 1247 1496 1350 1532; x_wconf 88' lang='lat' dir='ltr'><strong>ceteri</strong></span> <span class='ocrx_word' id='word_1_293' title='bbox 1375 1495 1519 1531; x_wconf 84' lang='lat' dir='ltr'><strong>Romani</strong></span> <span class='ocrx_word' id='word_1_294' title='bbox 1545 1496 1731 1542; x_wconf 87' lang='lat' dir='ltr'><strong>scriptores</strong></span> 
     </span>
     <span class='ocr_line' id='line_1_27' title="bbox 136 1553 1832 1600; baseline -0.001 -10"><span class='ocrx_word' id='word_1_295' title='bbox 136 1559 170 1591; x_wconf 89' lang='lat' dir='ltr'><strong>et</strong></span> <span class='ocrx_word' id='word_1_296' title='bbox 194 1556 301 1590; x_wconf 78' lang='lat' dir='ltr'><strong>nostri</strong></span> <span class='ocrx_word' id='word_1_297' title='bbox 326 1565 427 1600; x_wconf 86' lang='lat' dir='ltr'><strong>saepe</strong></span> <span class='ocrx_word' id='word_1_298' title='bbox 452 1556 603 1589; x_wconf 91' lang='lat' dir='ltr'><strong>utuntur.</strong></span> <span class='ocrx_word' id='word_1_299' title='bbox 654 1554 750 1589; x_wconf 87' lang='lat' dir='ltr'><strong>Idem</strong></span> <span class='ocrx_word' id='word_1_300' title='bbox 781 1554 851 1589; x_wconf 88' lang='lat' dir='ltr'><strong>fere</strong></span> <span class='ocrx_word' id='word_1_301' title='bbox 877 1554 1060 1589; x_wconf 89' lang='lat' dir='ltr'><strong>dicendum</strong></span> <span class='ocrx_word' id='word_1_302' title='bbox 1096 1554 1181 1589; x_wconf 92' lang='lat' dir='ltr'><strong>mihi</strong></span> <span class='ocrx_word' id='word_1_303' title='bbox 1215 1555 1349 1589; x_wconf 87' lang='lat' dir='ltr'><strong>videtur</strong></span> <span class='ocrx_word' id='word_1_304' title='bbox 1383 1555 1425 1589; x_wconf 91' lang='lat' dir='ltr'><strong>de</strong></span> <span class='ocrx_word' id='word_1_305' title='bbox 1458 1553 1617 1589; x_wconf 85' lang='lat' dir='ltr'><strong>adverbio</strong></span> <span class='ocrx_word' id='word_1_306' title='bbox 1653 1562 1731 1589; x_wconf 90' lang='lat' dir='ltr'><strong>cum</strong></span> <span class='ocrx_word' id='word_1_307' title='bbox 1764 1571 1766 1576; x_wconf 45' lang='lat'><strong>¹</strong></span> <span class='ocrx_word' id='word_1_308' title='bbox 1827 1583 1832 1586; x_wconf 56' lang='lat'><strong>.</strong></span> 
     </span>
     <span class='ocr_line' id='line_1_28' title="bbox 135 1610 1728 1658; baseline -0.002 -9"><span class='ocrx_word' id='word_1_309' title='bbox 135 1613 240 1649; x_wconf 87' lang='lat' dir='ltr'><strong>verbo</strong></span> <span class='ocrx_word' id='word_1_310' title='bbox 266 1623 339 1649; x_wconf 89' lang='lat' dir='ltr'><strong>esse</strong></span> <span class='ocrx_word' id='word_1_311' title='bbox 365 1611 546 1647; x_wconf 85' lang='lat' dir='ltr'><strong>coniuncto</strong></span> <span class='ocrx_word' id='word_1_312' title='bbox 560 1611 598 1656; x_wconf 77' lang='lat'><strong>³),</strong></span> <span class='ocrx_word' id='word_1_313' title='bbox 625 1611 667 1647; x_wconf 91' lang='lat' dir='ltr'><strong>de</strong></span> <span class='ocrx_word' id='word_1_314' title='bbox 693 1611 886 1647; x_wconf 84' lang='lat' dir='ltr'><strong>accusativo</strong></span> <span class='ocrx_word' id='word_1_315' title='bbox 912 1621 1001 1655; x_wconf 86' lang='lat' dir='ltr'><strong>casu,</strong></span> <span class='ocrx_word' id='word_1_316' title='bbox 1029 1622 1132 1657; x_wconf 86' lang='lat' dir='ltr'><strong>quem</strong></span> <span class='ocrx_word' id='word_1_317' title='bbox 1157 1621 1318 1658; x_wconf 83' lang='lat' dir='ltr'><strong>graecum</strong></span> <span class='ocrx_word' id='word_1_318' title='bbox 1344 1612 1466 1646; x_wconf 89' lang='lat' dir='ltr'><strong>vocant</strong></span> <span class='ocrx_word' id='word_1_319' title='bbox 1476 1610 1519 1657; x_wconf 69' lang='lat'><strong>⁴⁴),</strong></span> <span class='ocrx_word' id='word_1_320' title='bbox 1547 1611 1589 1646; x_wconf 91' lang='lat' dir='ltr'><strong>de</strong></span> <span class='ocrx_word' id='word_1_321' title='bbox 1614 1610 1728 1646; x_wconf 86' lang='lat' dir='ltr'><strong>dativo</strong></span> 
     </span>
     <span class='ocr_line' id='line_1_29' title="bbox 139 1668 1728 1716; baseline -0.002 -10"><span class='ocrx_word' id='word_1_322' title='bbox 139 1682 159 1706; x_wconf 87' lang='lat' dir='ltr'><strong>a</strong></span> <span class='ocrx_word' id='word_1_323' title='bbox 183 1671 296 1707; x_wconf 86' lang='lat' dir='ltr'><strong>verbis</strong></span> <span class='ocrx_word' id='word_1_324' title='bbox 320 1670 464 1716; x_wconf 90' lang='lat' dir='ltr'><strong>passivis</strong></span> <span class='ocrx_word' id='word_1_325' title='bbox 489 1669 664 1715; x_wconf 86' lang='lat' dir='ltr'><strong>pendenti,</strong></span> <span class='ocrx_word' id='word_1_326' title='bbox 692 1680 795 1715; x_wconf 90' lang='lat' dir='ltr'><strong>quem</strong></span> <span class='ocrx_word' id='word_1_327' title='bbox 820 1680 981 1716; x_wconf 85' lang='lat' dir='ltr'><strong>graecum</strong></span> <span class='ocrx_word' id='word_1_328' title='bbox 1006 1670 1124 1705; x_wconf 85' lang='lat' dir='ltr'><strong>dieunt</strong></span> <span class='ocrx_word' id='word_1_329' title='bbox 1147 1669 1301 1715; x_wconf 88' lang='lat' dir='ltr'><strong>plerique</strong></span> <span class='ocrx_word' id='word_1_330' title='bbox 1313 1669 1350 1713; x_wconf 86' lang='lat'><strong>⁵),</strong></span> <span class='ocrx_word' id='word_1_331' title='bbox 1386 1668 1534 1703; x_wconf 82' lang='lat' dir='ltr'><strong>Kritzius</strong></span> <span class='ocrx_word' id='word_1_332' title='bbox 1570 1668 1629 1714; x_wconf 86' lang='lat' dir='ltr'><strong>(ad</strong></span> <span class='ocrx_word' id='word_1_333' title='bbox 1653 1668 1728 1715; x_wconf 89' lang='lat' dir='ltr'><strong>Iug.</strong></span> 
     </span>
     <span class='ocr_line' id='line_1_30' title="bbox 135 1724 1731 1772; baseline -0.003 -8"><span class='ocrx_word' id='word_1_334' title='bbox 135 1728 194 1771; x_wconf 85' lang='lat'><strong>46,</strong></span> <span class='ocrx_word' id='word_1_335' title='bbox 221 1729 254 1770; x_wconf 89' lang='lat'><strong>3,</strong></span> <span class='ocrx_word' id='word_1_336' title='bbox 282 1727 324 1763; x_wconf 82' lang='lat' dir='ltr'><strong>cf.</strong></span> <span class='ocrx_word' id='word_1_337' title='bbox 351 1727 408 1769; x_wconf 90' lang='lat'><strong>70,</strong></span> <span class='ocrx_word' id='word_1_338' title='bbox 436 1728 468 1762; x_wconf 88' lang='grc'><strong>2.</strong></span> <span class='ocrx_word' id='word_1_339' title='bbox 497 1726 553 1769; x_wconf 90' lang='grc'><strong>72,</strong></span> <span class='ocrx_word' id='word_1_340' title='bbox 579 1726 619 1772; x_wconf 90' lang='grc'><strong>2)</strong></span> <span class='ocrx_word' id='word_1_341' title='bbox 644 1726 796 1762; x_wconf 83' lang='lat' dir='ltr'><strong>dativum</strong></span> <span class='ocrx_word' id='word_1_342' title='bbox 830 1727 1001 1762; x_wconf 83' lang='lat' dir='ltr'><strong>commodi</strong></span> <span class='ocrx_word' id='word_1_343' title='bbox 1036 1737 1110 1762; x_wconf 90' lang='lat' dir='ltr'><strong>esse</strong></span> <span class='ocrx_word' id='word_1_344' title='bbox 1143 1729 1251 1772; x_wconf 86' lang='lat' dir='ltr'><strong>putat,</strong></span> <span class='ocrx_word' id='word_1_345' title='bbox 1287 1727 1329 1761; x_wconf 89' lang='lat' dir='ltr'><strong>de</strong></span> <span class='ocrx_word' id='word_1_346' title='bbox 1354 1725 1523 1771; x_wconf 85' lang='lat' dir='ltr'><strong>genetivis</strong></span> <span class='ocrx_word' id='word_1_347' title='bbox 1556 1724 1731 1761; x_wconf 79' lang='lat' dir='ltr'><strong>relationis</strong></span> 
     </span>
     <span class='ocr_line' id='line_1_31' title="bbox 135 1782 1729 1832; baseline -0.002 -11"><span class='ocrx_word' id='word_1_348' title='bbox 135 1788 171 1821; x_wconf 90' lang='lat' dir='ltr'><strong>et</strong></span> <span class='ocrx_word' id='word_1_349' title='bbox 195 1785 373 1832; x_wconf 86' lang='lat' dir='ltr'><strong>partitivis,</strong></span> <span class='ocrx_word' id='word_1_350' title='bbox 401 1795 546 1830; x_wconf 88' lang='lat' dir='ltr'><strong>quorum</strong></span> <span class='ocrx_word' id='word_1_351' title='bbox 573 1783 695 1819; x_wconf 86' lang='lat' dir='ltr'><strong>alteros</strong></span> <span class='ocrx_word' id='word_1_352' title='bbox 721 1796 740 1819; x_wconf 83' lang='lat' dir='ltr'><strong>a</strong></span> <span class='ocrx_word' id='word_1_353' title='bbox 765 1783 870 1819; x_wconf 88' lang='lat' dir='ltr'><strong>latino</strong></span> <span class='ocrx_word' id='word_1_354' title='bbox 895 1795 1050 1820; x_wconf 89' lang='lat' dir='ltr'><strong>sermone</strong></span> <span class='ocrx_word' id='word_1_355' title='bbox 1076 1795 1144 1820; x_wconf 93' lang='lat' dir='ltr'><strong>non</strong></span> <span class='ocrx_word' id='word_1_356' title='bbox 1169 1784 1217 1819; x_wconf 85' lang='lat' dir='ltr'><strong>ita</strong></span> <span class='ocrx_word' id='word_1_357' title='bbox 1250 1783 1377 1820; x_wconf 87' lang='lat' dir='ltr'><strong>alienos</strong></span> <span class='ocrx_word' id='word_1_358' title='bbox 1411 1793 1485 1819; x_wconf 90' lang='lat' dir='ltr'><strong>esse</strong></span> <span class='ocrx_word' id='word_1_359' title='bbox 1510 1782 1729 1828; x_wconf 81' lang='lat' dir='ltr'><strong>putaverim⁶)</strong></span> 
     </span>
     <span class='ocr_line' id='line_1_32' title="bbox 135 1841 1012 1885; baseline -0.002 -6"><span class='ocrx_word' id='word_1_360' title='bbox 135 1843 258 1879; x_wconf 88' lang='lat' dir='ltr'><strong>alteros</strong></span> <span class='ocrx_word' id='word_1_361' title='bbox 284 1853 382 1879; x_wconf 85' lang='lat' dir='ltr'><strong>casus</strong></span> <span class='ocrx_word' id='word_1_362' title='bbox 406 1841 570 1877; x_wconf 87' lang='lat' dir='ltr'><strong>locativos</strong></span> <span class='ocrx_word' id='word_1_363' title='bbox 596 1852 670 1877; x_wconf 89' lang='lat' dir='ltr'><strong>esse</strong></span> <span class='ocrx_word' id='word_1_364' title='bbox 696 1842 960 1878; x_wconf 85' lang='lat' dir='ltr'><strong>existimaverim</strong></span> <span class='ocrx_word' id='word_1_365' title='bbox 973 1841 1012 1885; x_wconf 83' lang='lat'><strong>⁷).</strong></span> 
     </span>
    </p>

    <p class='ocr_par' dir='ltr' id='par_1_6' title="bbox 134 1898 1724 2004">
     <span class='ocr_line' id='line_1_33' title="bbox 249 1898 1723 1948; baseline -0.003 -11"><span class='ocrx_word' id='word_1_366' title='bbox 249 1900 357 1937; x_wconf 86' lang='lat' dir='ltr'><strong>Paulo</strong></span> <span class='ocrx_word' id='word_1_367' title='bbox 382 1899 620 1936; x_wconf 87' lang='lat' dir='ltr'><strong>insolentiores</strong></span> <span class='ocrx_word' id='word_1_368' title='bbox 646 1901 831 1936; x_wconf 83' lang='lat' dir='ltr'><strong>structurae</strong></span> <span class='ocrx_word' id='word_1_369' title='bbox 857 1902 937 1936; x_wconf 90' lang='lat' dir='ltr'><strong>sunt</strong></span> <span class='ocrx_word' id='word_1_370' title='bbox 961 1900 1035 1948; x_wconf 88' lang='lat' dir='ltr'><strong>Iug.</strong></span> <span class='ocrx_word' id='word_1_371' title='bbox 1063 1901 1120 1944; x_wconf 90' lang='lat'><strong>84,</strong></span> <span class='ocrx_word' id='word_1_372' title='bbox 1146 1901 1188 1938; x_wconf 80' lang='lat'><strong>3:</strong></span> <span class='ocrx_word' id='word_1_373' title='bbox 1214 1900 1305 1947; x_wconf 90' lang='lat' dir='ltr'><strong>plebi</strong></span> <span class='ocrx_word' id='word_1_374' title='bbox 1329 1899 1451 1935; x_wconf 88' lang='lat' dir='ltr'><strong>militia</strong></span> <span class='ocrx_word' id='word_1_375' title='bbox 1475 1898 1600 1935; x_wconf 90' lang='lat' dir='ltr'><strong>volenti</strong></span> <span class='ocrx_word' id='word_1_376' title='bbox 1625 1900 1723 1945; x_wconf 87' lang='lat' dir='ltr'><strong>puta-</strong></span> 
     </span>
     <span class='ocr_line' id='line_1_34' title="bbox 134 1956 1724 2004; baseline -0.002 -9"><span class='ocrx_word' id='word_1_377' title='bbox 134 1959 245 2001; x_wconf 87' lang='lat' dir='ltr'><strong>batur,</strong></span> <span class='ocrx_word' id='word_1_378' title='bbox 272 1961 306 1994; x_wconf 90' lang='lat' dir='ltr'><strong>et</strong></span> <span class='ocrx_word' id='word_1_379' title='bbox 329 1958 404 2004; x_wconf 84' lang='lat' dir='ltr'><strong>Iug.</strong></span> <span class='ocrx_word' id='word_1_380' title='bbox 434 1958 512 2000; x_wconf 93' lang='lat'>100,</span> <span class='ocrx_word' id='word_1_381' title='bbox 539 1958 580 1994; x_wconf 88' lang='lat'><strong>4:</strong></span> <span class='ocrx_word' id='word_1_382' title='bbox 606 1958 655 1993; x_wconf 91' lang='lat' dir='ltr'><strong>uti</strong></span> <span class='ocrx_word' id='word_1_383' title='bbox 681 1958 845 1994; x_wconf 90' lang='lat' dir='ltr'><strong>militibus</strong></span> <span class='ocrx_word' id='word_1_384' title='bbox 871 1958 967 1994; x_wconf 88' lang='lat' dir='ltr'><strong>labos</strong></span> <span class='ocrx_word' id='word_1_385' title='bbox 993 1958 1183 1994; x_wconf 86' lang='lat' dir='ltr'><strong>volentibus</strong></span> <span class='ocrx_word' id='word_1_386' title='bbox 1209 1960 1309 2000; x_wconf 88' lang='lat' dir='ltr'><strong>esset,</strong></span> <span class='ocrx_word' id='word_1_387' title='bbox 1337 1967 1422 2003; x_wconf 89' lang='lat' dir='ltr'><strong>quas</strong></span> <span class='ocrx_word' id='word_1_388' title='bbox 1448 1957 1491 1992; x_wconf 88' lang='lat' dir='ltr'><strong>ad</strong></span> <span class='ocrx_word' id='word_1_389' title='bbox 1516 1956 1724 1992; x_wconf 82' lang='lat' dir='ltr'><strong>Graecorum</strong></span> 
     </span>
    </p>
   </div>
   <div class='ocr_carea' id='block_1_4' title="bbox 1717 204 1835 274">
    <p class='ocr_par' dir='ltr' id='par_1_7' title="bbox 1717 204 1835 274">
     <span class='ocr_line' id='line_1_35' title="bbox 1717 204 1835 274; baseline 0 2528"><span class='ocrx_word' id='word_1_390' title='bbox 1717 204 1835 274; x_wconf 95' lang='lat' dir='ltr'><strong> </strong></span> 
     </span>
    </p>
   </div>
   <div class='ocr_carea' id='block_1_5' title="bbox 135 2038 364 2046">
    <p class='ocr_par' dir='ltr' id='par_1_8' title="bbox 135 2038 364 2046">
     <span class='ocr_line' id='line_1_36' title="bbox 135 2038 364 2046; baseline 0 0"><span class='ocrx_word' id='word_1_391' title='bbox 135 2038 364 2046; x_wconf 95' lang='lat' dir='ltr'><strong> </strong></span> 
     </span>
    </p>
   </div>
   <div class='ocr_carea' id='block_1_6' title="bbox 249 2070 1730 2228">
    <p class='ocr_par' dir='ltr' id='par_1_9' title="bbox 249 2070 1730 2228">
     <span class='ocr_line' id='line_1_37' title="bbox 255 2070 1298 2119; baseline 0.007 -18"><span class='ocrx_word' id='word_1_392' title='bbox 255 2075 275 2109; x_wconf 91' lang='lat'><strong>¹)</strong></span> <span class='ocrx_word' id='word_1_393' title='bbox 295 2073 388 2103; x_wconf 84' lang='lat' dir='ltr'><strong>Thuc.</strong></span> <span class='ocrx_word' id='word_1_394' title='bbox 411 2074 438 2106; x_wconf 88' lang='lat'><strong>3,</strong></span> <span class='ocrx_word' id='word_1_395' title='bbox 458 2073 504 2110; x_wconf 88' lang='grc'><strong>36,</strong></span> <span class='ocrx_word' id='word_1_396' title='bbox 526 2074 551 2106; x_wconf 87' lang='grc'><strong>2,</strong></span> <span class='ocrx_word' id='word_1_397' title='bbox 571 2072 707 2119; x_wconf 74' lang='grc' dir='ltr'><em>γνώμας</em></span> <span class='ocrx_word' id='word_1_398' title='bbox 731 2071 918 2107; x_wconf 78' lang='grc' dir='ltr'><strong><em>ἐποιοῦντο</em></strong></span> <span class='ocrx_word' id='word_1_399' title='bbox 942 2071 1000 2107; x_wconf 82' lang='grc' dir='ltr'><strong>καὶ</strong></span> <span class='ocrx_word' id='word_1_400' title='bbox 1025 2070 1143 2117; x_wconf 75' lang='grc' dir='ltr'><em>ἔδοξεν</em></span> <span class='ocrx_word' id='word_1_401' title='bbox 1167 2073 1298 2115; x_wconf 75' lang='grc' dir='ltr'><strong>αὐτοῖς.</strong></span> 
     </span>
     <span class='ocr_line' id='line_1_38' title="bbox 249 2124 1221 2179; baseline 0.004 -16"><span class='ocrx_word' id='word_1_402' title='bbox 249 2131 273 2169; x_wconf 80' lang='lat'><strong>⁵)</strong></span> <span class='ocrx_word' id='word_1_403' title='bbox 294 2130 387 2161; x_wconf 86' lang='lat' dir='ltr'><strong>Thuc.</strong></span> <span class='ocrx_word' id='word_1_404' title='bbox 410 2131 434 2169; x_wconf 88' lang='lat'><strong>1,</strong></span> <span class='ocrx_word' id='word_1_405' title='bbox 455 2130 502 2169; x_wconf 88' lang='lat'>80,</span> <span class='ocrx_word' id='word_1_406' title='bbox 523 2129 849 2179; x_wconf 80' lang='grc' dir='ltr'><strong>χρήμασιν-τούτου.</strong></span> <span class='ocrx_word' id='word_1_407' title='bbox 877 2131 902 2160; x_wconf 79' lang='grc'><strong>’7-</strong></span> <span class='ocrx_word' id='word_1_408' title='bbox 924 2130 971 2168; x_wconf 80' lang='grc'><strong>48,</strong></span> <span class='ocrx_word' id='word_1_409' title='bbox 991 2124 1221 2179; x_wconf 81' lang='grc' dir='ltr'><strong>χρήμασιν-ᾦ.</strong></span> 
     </span>
     <span class='ocr_line' id='line_1_39' title="bbox 251 2186 1730 2228; baseline -0.001 -10"><span class='ocrx_word' id='word_1_410' title='bbox 251 2190 275 2226; x_wconf 75' lang='lat'><strong>³)</strong></span> <span class='ocrx_word' id='word_1_411' title='bbox 291 2189 408 2228; x_wconf 85' lang='lat' dir='ltr'><strong>Zumpt.</strong></span> <span class='ocrx_word' id='word_1_412' title='bbox 429 2190 494 2224; x_wconf 87' lang='lat'>365,</span> <span class='ocrx_word' id='word_1_413' title='bbox 515 2188 615 2219; x_wconf 77' lang='lat' dir='ltr'><strong>Madv.</strong></span> <span class='ocrx_word' id='word_1_414' title='bbox 637 2190 695 2220; x_wconf 83' lang='grc'>209</span> <span class='ocrx_word' id='word_1_415' title='bbox 714 2190 742 2218; x_wconf 91' lang='lat' dir='ltr'><strong>b.</strong></span> <span class='ocrx_word' id='word_1_416' title='bbox 764 2190 781 2220; x_wconf 82' lang='lat'><strong>2</strong></span> <span class='ocrx_word' id='word_1_417' title='bbox 800 2189 865 2219; x_wconf 87' lang='lat' dir='ltr'><strong>coll.</strong></span> <span class='ocrx_word' id='word_1_418' title='bbox 887 2189 1018 2220; x_wconf 85' lang='lat' dir='ltr'><strong>Dietsch.</strong></span> <span class='ocrx_word' id='word_1_419' title='bbox 1046 2188 1085 2219; x_wconf 83' lang='lat' dir='ltr'><strong>ad</strong></span> <span class='ocrx_word' id='word_1_420' title='bbox 1105 2189 1168 2227; x_wconf 86' lang='grc'><strong>1113.</strong></span> <span class='ocrx_word' id='word_1_421' title='bbox 1190 2190 1235 2223; x_wconf 86' lang='grc'><strong>14,</strong></span> <span class='ocrx_word' id='word_1_422' title='bbox 1256 2190 1302 2226; x_wconf 89' lang='grc'><strong>11,</strong></span> <span class='ocrx_word' id='word_1_423' title='bbox 1330 2191 1360 2217; x_wconf 83' lang='grc'><strong>01</strong></span> <span class='ocrx_word' id='word_1_424' title='bbox 1378 2187 1464 2217; x_wconf 85' lang='lat' dir='ltr'><strong>Kritz</strong></span> <span class='ocrx_word' id='word_1_425' title='bbox 1491 2186 1531 2217; x_wconf 87' lang='lat' dir='ltr'><strong>ad</strong></span> <span class='ocrx_word' id='word_1_426' title='bbox 1551 2187 1615 2218; x_wconf 84' lang='lat' dir='ltr'><strong>Cat.</strong></span> <span class='ocrx_word' id='word_1_427' title='bbox 1636 2187 1682 2220; x_wconf 85' lang='lat'><strong>58.</strong></span> <span class='ocrx_word' id='word_1_428' title='bbox 1703 2187 1730 2224; x_wconf 84' lang='lat'><strong>9,</strong></span> 
     </span>
    </p>
   </div>
   <div class='ocr_carea' id='block_1_7' title="bbox 63 2223 933 2273">
    <p class='ocr_par' dir='ltr' id='par_1_10' title="bbox 63 2223 933 2273">
     <span class='ocr_line' id='line_1_40' title="bbox 63 2223 933 2273; baseline -0.001 -6"><span class='ocrx_word' id='word_1_429' title='bbox 63 2223 64 2226; x_wconf 65' lang='grc'>’</span> <span class='ocrx_word' id='word_1_430' title='bbox 133 2245 161 2273; x_wconf 82' lang='lat' dir='ltr'><strong>p.</strong></span> <span class='ocrx_word' id='word_1_431' title='bbox 184 2237 242 2267; x_wconf 85' lang='lat'><strong>306</strong></span> <span class='ocrx_word' id='word_1_432' title='bbox 262 2244 304 2273; x_wconf 71' lang='lat' dir='ltr'><strong>sq.</strong></span> <span class='ocrx_word' id='word_1_433' title='bbox 327 2239 358 2265; x_wconf 77' lang='lat' dir='ltr'><strong>et</strong></span> <span class='ocrx_word' id='word_1_434' title='bbox 377 2236 416 2264; x_wconf 73' lang='lat' dir='ltr'><strong>as</strong></span> <span class='ocrx_word' id='word_1_435' title='bbox 436 2236 499 2272; x_wconf 84' lang='lat' dir='ltr'><strong>lug.</strong></span> <span class='ocrx_word' id='word_1_436' title='bbox 521 2237 547 2273; x_wconf 80' lang='lat'><strong>7,</strong></span> <span class='ocrx_word' id='word_1_437' title='bbox 569 2237 595 2266; x_wconf 86' lang='lat'><strong>6.</strong></span> <span class='ocrx_word' id='word_1_438' title='bbox 618 2237 663 2273; x_wconf 83' lang='lat'><strong>14,</strong></span> <span class='ocrx_word' id='word_1_439' title='bbox 686 2237 730 2266; x_wconf 89' lang='lat'><strong>11.</strong></span> <span class='ocrx_word' id='word_1_440' title='bbox 751 2236 820 2265; x_wconf 81' lang='lat' dir='ltr'><strong>hist.</strong></span> <span class='ocrx_word' id='word_1_441' title='bbox 842 2237 867 2270; x_wconf 92' lang='lat'><strong>1,</strong></span> <span class='ocrx_word' id='word_1_442' title='bbox 888 2237 933 2266; x_wconf 80' lang='lat'><strong>27.</strong></span> 
     </span>
    </p>
   </div>
   <div class='ocr_carea' id='block_1_8' title="bbox 97 2283 1835 2708">
    <p class='ocr_par' dir='ltr' id='par_1_11' title="bbox 250 2283 1394 2323">
     <span class='ocr_line' id='line_1_41' title="bbox 250 2283 1394 2323; baseline 0.001 -9"><span class='ocrx_word' id='word_1_443' title='bbox 250 2284 274 2323; x_wconf 89' lang='lat'><strong>⁴)</strong></span> <span class='ocrx_word' id='word_1_444' title='bbox 294 2284 328 2314; x_wconf 94' lang='lat' dir='ltr'><strong>Z.</strong></span> <span class='ocrx_word' id='word_1_445' title='bbox 349 2284 415 2323; x_wconf 86' lang='lat'>458,</span> <span class='ocrx_word' id='word_1_446' title='bbox 435 2283 535 2314; x_wconf 83' lang='lat' dir='ltr'><strong>Madv.</strong></span> <span class='ocrx_word' id='word_1_447' title='bbox 555 2284 621 2320; x_wconf 77' lang='grc'>237,</span> <span class='ocrx_word' id='word_1_448' title='bbox 642 2283 728 2314; x_wconf 84' lang='lat' dir='ltr'><strong>Kritz</strong></span> <span class='ocrx_word' id='word_1_449' title='bbox 748 2283 788 2314; x_wconf 88' lang='lat' dir='ltr'><strong>ad</strong></span> <span class='ocrx_word' id='word_1_450' title='bbox 807 2283 870 2323; x_wconf 85' lang='lat' dir='ltr'><strong>lug.</strong></span> <span class='ocrx_word' id='word_1_451' title='bbox 893 2284 918 2323; x_wconf 92' lang='lat'><strong>1,</strong></span> <span class='ocrx_word' id='word_1_452' title='bbox 940 2285 966 2315; x_wconf 89' lang='lat'><strong>5.</strong></span> <span class='ocrx_word' id='word_1_453' title='bbox 987 2284 1014 2323; x_wconf 87' lang='lat'><strong>5,</strong></span> <span class='ocrx_word' id='word_1_454' title='bbox 1035 2284 1061 2315; x_wconf 89' lang='lat'><strong>4.</strong></span> <span class='ocrx_word' id='word_1_455' title='bbox 1083 2283 1129 2322; x_wconf 86' lang='lat'><strong>19,</strong></span> <span class='ocrx_word' id='word_1_456' title='bbox 1151 2285 1169 2315; x_wconf 85' lang='lat'><strong>7</strong></span> <span class='ocrx_word' id='word_1_457' title='bbox 1188 2283 1257 2314; x_wconf 88' lang='lat' dir='ltr'><strong>hist.</strong></span> <span class='ocrx_word' id='word_1_458' title='bbox 1278 2283 1327 2314; x_wconf 89' lang='lat' dir='ltr'><strong>IV.</strong></span> <span class='ocrx_word' id='word_1_459' title='bbox 1349 2283 1394 2315; x_wconf 83' lang='lat'><strong>51.</strong></span> 
     </span>
    </p>

    <p class='ocr_par' dir='ltr' id='par_1_12' title="bbox 250 2333 1193 2372">
     <span class='ocr_line' id='line_1_42' title="bbox 250 2333 1193 2372; baseline 0 -9"><span class='ocrx_word' id='word_1_460' title='bbox 250 2334 274 2370; x_wconf 77' lang='grc' dir='ltr'><strong>ὅ)</strong></span> <span class='ocrx_word' id='word_1_461' title='bbox 295 2334 329 2365; x_wconf 93' lang='grc' dir='ltr'><strong>Ζ.</strong></span> <span class='ocrx_word' id='word_1_462' title='bbox 349 2334 406 2364; x_wconf 85' lang='grc'><strong>419</strong></span> <span class='ocrx_word' id='word_1_463' title='bbox 426 2336 486 2363; x_wconf 90' lang='lat' dir='ltr'><strong>not.</strong></span> <span class='ocrx_word' id='word_1_464' title='bbox 506 2333 607 2364; x_wconf 79' lang='lat' dir='ltr'><strong>Madv.</strong></span> <span class='ocrx_word' id='word_1_465' title='bbox 630 2334 695 2372; x_wconf 90' lang='grc'>250,</span> <span class='ocrx_word' id='word_1_466' title='bbox 716 2333 817 2371; x_wconf 85' lang='lat' dir='ltr'><strong>Reisig</strong></span> <span class='ocrx_word' id='word_1_467' title='bbox 836 2335 892 2365; x_wconf 83' lang='lat'><strong>379</strong></span> <span class='ocrx_word' id='word_1_468' title='bbox 913 2333 981 2363; x_wconf 82' lang='lat' dir='ltr'><strong>adn.</strong></span> <span class='ocrx_word' id='word_1_469' title='bbox 1002 2334 1058 2365; x_wconf 88' lang='grc'><strong>551</strong></span> <span class='ocrx_word' id='word_1_470' title='bbox 1079 2343 1107 2371; x_wconf 87' lang='lat' dir='ltr'><strong>p.</strong></span> <span class='ocrx_word' id='word_1_471' title='bbox 1129 2334 1193 2364; x_wconf 88' lang='lat'><strong>680.</strong></span> 
     </span>
    </p>

    <p class='ocr_par' dir='ltr' id='par_1_13' title="bbox 134 2380 1835 2568">
     <span class='ocr_line' id='line_1_43' title="bbox 249 2380 1831 2420; baseline 0.001 -9"><span class='ocrx_word' id='word_1_472' title='bbox 249 2383 273 2420; x_wconf 74' lang='lat'><strong>⁶)</strong></span> <span class='ocrx_word' id='word_1_473' title='bbox 294 2382 336 2411; x_wconf 86' lang='lat' dir='ltr'><strong>Vt</strong></span> <span class='ocrx_word' id='word_1_474' title='bbox 355 2381 418 2411; x_wconf 83' lang='lat' dir='ltr'><strong>Cat.</strong></span> <span class='ocrx_word' id='word_1_475' title='bbox 440 2383 466 2412; x_wconf 87' lang='lat'><strong>5.</strong></span> <span class='ocrx_word' id='word_1_476' title='bbox 487 2383 507 2412; x_wconf 90' lang='lat'>4</span> <span class='ocrx_word' id='word_1_477' title='bbox 536 2382 628 2411; x_wconf 78' lang='lat' dir='ltr'><strong>alieni</strong></span> <span class='ocrx_word' id='word_1_478' title='bbox 648 2384 800 2419; x_wconf 86' lang='lat' dir='ltr'><strong>appetens,</strong></span> <span class='ocrx_word' id='word_1_479' title='bbox 821 2381 866 2410; x_wconf 89' lang='lat' dir='ltr'><strong>sui</strong></span> <span class='ocrx_word' id='word_1_480' title='bbox 888 2381 1042 2419; x_wconf 73' lang='lat' dir='ltr'><strong>profusus,</strong></span> <span class='ocrx_word' id='word_1_481' title='bbox 1076 2383 1103 2418; x_wconf 77' lang='lat'><strong>7,</strong></span> <span class='ocrx_word' id='word_1_482' title='bbox 1124 2382 1142 2412; x_wconf 87' lang='lat'>6</span> <span class='ocrx_word' id='word_1_483' title='bbox 1167 2381 1264 2411; x_wconf 80' lang='lat' dir='ltr'><strong>laudis</strong></span> <span class='ocrx_word' id='word_1_484' title='bbox 1283 2381 1374 2418; x_wconf 86' lang='lat' dir='ltr'><strong>avidi,</strong></span> <span class='ocrx_word' id='word_1_485' title='bbox 1395 2381 1556 2418; x_wconf 83' lang='lat' dir='ltr'><strong>peccuniae</strong></span> <span class='ocrx_word' id='word_1_486' title='bbox 1576 2380 1732 2417; x_wconf 75' lang='lat' dir='ltr'><strong>liberales,</strong></span> <span class='ocrx_word' id='word_1_487' title='bbox 1800 2414 1803 2416; x_wconf 47' lang='grc'>,</span> <span class='ocrx_word' id='word_1_488' title='bbox 1828 2397 1831 2412; x_wconf 88' lang='grc'>;</span> 
     </span>
     <span class='ocr_line' id='line_1_44' title="bbox 135 2427 1730 2469; baseline -0.003 -7"><span class='ocrx_word' id='word_1_489' title='bbox 135 2432 181 2469; x_wconf 85' lang='grc'><strong>52,</strong></span> <span class='ocrx_word' id='word_1_490' title='bbox 202 2431 239 2462; x_wconf 87' lang='grc'><strong>36</strong></span> <span class='ocrx_word' id='word_1_491' title='bbox 259 2428 436 2460; x_wconf 80' lang='lat' dir='ltr'><strong>manufestis</strong></span> <span class='ocrx_word' id='word_1_492' title='bbox 456 2438 555 2459; x_wconf 87' lang='lat' dir='ltr'><strong>rerum</strong></span> <span class='ocrx_word' id='word_1_493' title='bbox 575 2429 766 2468; x_wconf 80' lang='lat' dir='ltr'><strong>capitalium3</strong></span> <span class='ocrx_word' id='word_1_494' title='bbox 796 2428 860 2467; x_wconf 80' lang='lat' dir='ltr'><strong>lug.</strong></span> <span class='ocrx_word' id='word_1_495' title='bbox 881 2429 926 2467; x_wconf 80' lang='lat'><strong>79,</strong></span> <span class='ocrx_word' id='word_1_496' title='bbox 948 2429 966 2460; x_wconf 92' lang='grc'>6</span> <span class='ocrx_word' id='word_1_497' title='bbox 985 2428 1052 2459; x_wconf 84' lang='lat' dir='ltr'><strong>loca</strong></span> <span class='ocrx_word' id='word_1_498' title='bbox 1071 2428 1162 2459; x_wconf 88' lang='lat' dir='ltr'><strong>muda</strong></span> <span class='ocrx_word' id='word_1_499' title='bbox 1181 2428 1379 2467; x_wconf 63' lang='lat' dir='ltr'><strong>gignentium</strong></span> <span class='ocrx_word' id='word_1_500' title='bbox 1408 2427 1485 2458; x_wconf 90' lang='lat' dir='ltr'><strong>Hist.</strong></span> <span class='ocrx_word' id='word_1_501' title='bbox 1507 2430 1533 2459; x_wconf 86' lang='lat'><strong>2.</strong></span> <span class='ocrx_word' id='word_1_502' title='bbox 1554 2428 1591 2460; x_wconf 84' lang='lat'>91</span> <span class='ocrx_word' id='word_1_503' title='bbox 1611 2427 1730 2467; x_wconf 82' lang='lat' dir='ltr'><strong>frugum</strong></span> 
     </span>
     <span class='ocr_line' id='line_1_45' title="bbox 134 2476 1831 2517; baseline -0.001 -10"><span class='ocrx_word' id='word_1_504' title='bbox 134 2478 296 2517; x_wconf 80' lang='lat' dir='ltr'><strong>pabulique</strong></span> <span class='ocrx_word' id='word_1_505' title='bbox 317 2478 416 2507; x_wconf 82' lang='lat' dir='ltr'><strong>laetus</strong></span> <span class='ocrx_word' id='word_1_506' title='bbox 437 2486 516 2515; x_wconf 83' lang='lat' dir='ltr'><strong>ager.</strong></span> <span class='ocrx_word' id='word_1_507' title='bbox 537 2478 564 2515; x_wconf 87' lang='grc'><strong>3,</strong></span> <span class='ocrx_word' id='word_1_508' title='bbox 587 2478 632 2515; x_wconf 86' lang='grc'><strong>13,</strong></span> <span class='ocrx_word' id='word_1_509' title='bbox 652 2477 756 2515; x_wconf 85' lang='grc'><strong>11130115</strong></span> <span class='ocrx_word' id='word_1_510' title='bbox 776 2477 883 2506; x_wconf 89' lang='lat' dir='ltr'><strong>virium</strong></span> <span class='ocrx_word' id='word_1_511' title='bbox 903 2479 992 2513; x_wconf 76' lang='lat' dir='ltr'><strong>atque</strong></span> <span class='ocrx_word' id='word_1_512' title='bbox 1013 2476 1111 2506; x_wconf 83' lang='lat' dir='ltr'><strong>animi.</strong></span> <span class='ocrx_word' id='word_1_513' title='bbox 1139 2493 1175 2498; x_wconf 93' lang='lat'>—</span> <span class='ocrx_word' id='word_1_514' title='bbox 1205 2477 1267 2514; x_wconf 85' lang='lat' dir='ltr'><strong>Ing.</strong></span> <span class='ocrx_word' id='word_1_515' title='bbox 1289 2478 1334 2507; x_wconf 93' lang='grc'><strong>21.</strong></span> <span class='ocrx_word' id='word_1_516' title='bbox 1356 2477 1383 2513; x_wconf 87' lang='grc'><strong>2,</strong></span> <span class='ocrx_word' id='word_1_517' title='bbox 1411 2476 1469 2505; x_wconf 86' lang='lat' dir='ltr'><strong>diei</strong></span> <span class='ocrx_word' id='word_1_518' title='bbox 1490 2479 1662 2506; x_wconf 78' lang='lat' dir='ltr'><strong>extremm.</strong></span> <span class='ocrx_word' id='word_1_519' title='bbox 1683 2476 1731 2512; x_wconf 73' lang='grc'><strong>93,</strong></span> <span class='ocrx_word' id='word_1_520' title='bbox 1823 2493 1831 2511; x_wconf 63' lang='grc'><strong>,»</strong></span> 
     </span>
     <span class='ocr_line' id='line_1_46' title="bbox 134 2523 1835 2568; baseline -0.002 -11"><span class='ocrx_word' id='word_1_521' title='bbox 134 2527 152 2557; x_wconf 88' lang='grc'>2</span> <span class='ocrx_word' id='word_1_522' title='bbox 173 2526 212 2556; x_wconf 84' lang='lat' dir='ltr'><strong>ad</strong></span> <span class='ocrx_word' id='word_1_523' title='bbox 232 2534 378 2556; x_wconf 88' lang='lat' dir='ltr'><strong>summum</strong></span> <span class='ocrx_word' id='word_1_524' title='bbox 398 2525 514 2555; x_wconf 69' lang='lat' dir='ltr'><strong>montis</strong></span> <span class='ocrx_word' id='word_1_525' title='bbox 538 2526 601 2556; x_wconf 89' lang='lat'>113.</span> <span class='ocrx_word' id='word_1_526' title='bbox 623 2525 641 2556; x_wconf 88' lang='lat'><strong>3</strong></span> <span class='ocrx_word' id='word_1_527' title='bbox 661 2525 780 2555; x_wconf 84' lang='lat' dir='ltr'><strong>occulta</strong></span> <span class='ocrx_word' id='word_1_528' title='bbox 800 2523 938 2563; x_wconf 84' lang='lat' dir='ltr'><strong>pectoris.</strong></span> <span class='ocrx_word' id='word_1_529' title='bbox 961 2523 1003 2554; x_wconf 84' lang='lat' dir='ltr'><strong>Cf.</strong></span> <span class='ocrx_word' id='word_1_530' title='bbox 1024 2524 1125 2562; x_wconf 80' lang='lat' dir='ltr'><strong>Reisig</strong></span> <span class='ocrx_word' id='word_1_531' title='bbox 1145 2526 1178 2561; x_wconf 60' lang='grc' dir='ltr'><strong>ἐξ</strong></span> <span class='ocrx_word' id='word_1_532' title='bbox 1198 2525 1255 2556; x_wconf 81' lang='grc'><strong>350</strong></span> <span class='ocrx_word' id='word_1_533' title='bbox 1275 2526 1306 2554; x_wconf 83' lang='grc'><strong>01</strong></span> <span class='ocrx_word' id='word_1_534' title='bbox 1325 2524 1380 2555; x_wconf 88' lang='grc'><strong>351</strong></span> <span class='ocrx_word' id='word_1_535' title='bbox 1401 2523 1469 2555; x_wconf 79' lang='lat' dir='ltr'><strong>adn.</strong></span> <span class='ocrx_word' id='word_1_536' title='bbox 1490 2524 1548 2555; x_wconf 82' lang='lat'>524</span> <span class='ocrx_word' id='word_1_537' title='bbox 1568 2526 1599 2554; x_wconf 86' lang='lat' dir='ltr'><strong>et</strong></span> <span class='ocrx_word' id='word_1_538' title='bbox 1617 2523 1684 2555; x_wconf 81' lang='lat'>525.</span> <span class='ocrx_word' id='word_1_539' title='bbox 1711 2544 1714 2551; x_wconf 76' lang='grc'>.</span> <span class='ocrx_word' id='word_1_540' title='bbox 1794 2566 1796 2568; x_wconf 26' lang='lat'>¹</span> <span class='ocrx_word' id='word_1_541' title='bbox 1816 2531 1835 2567; x_wconf 23' lang='grc' dir='ltr'>’,ς’</span> 
     </span>
    </p>

    <p class='ocr_par' dir='ltr' id='par_1_14' title="bbox 97 2569 1835 2708">
     <span class='ocr_line' id='line_1_47' title="bbox 251 2569 1765 2612; baseline -0.003 -8"><span class='ocrx_word' id='word_1_542' title='bbox 251 2575 274 2610; x_wconf 71' lang='lat'><strong>¹)</strong></span> <span class='ocrx_word' id='word_1_543' title='bbox 295 2574 336 2604; x_wconf 86' lang='lat' dir='ltr'><strong>Vt</strong></span> <span class='ocrx_word' id='word_1_544' title='bbox 355 2574 419 2612; x_wconf 88' lang='grc'><strong>1113.</strong></span> <span class='ocrx_word' id='word_1_545' title='bbox 440 2573 516 2612; x_wconf 85' lang='grc'>82,2</span> <span class='ocrx_word' id='word_1_546' title='bbox 536 2573 659 2604; x_wconf 82' lang='lat' dir='ltr'><strong>militiae</strong></span> <span class='ocrx_word' id='word_1_547' title='bbox 680 2572 821 2611; x_wconf 85' lang='lat' dir='ltr'><strong>cognitos,</strong></span> <span class='ocrx_word' id='word_1_548' title='bbox 842 2573 888 2608; x_wconf 88' lang='lat'><strong>48,</strong></span> <span class='ocrx_word' id='word_1_549' title='bbox 910 2573 928 2603; x_wconf 87' lang='lat'><strong>3</strong></span> <span class='ocrx_word' id='word_1_550' title='bbox 948 2572 1029 2602; x_wconf 88' lang='lat' dir='ltr'><strong>humi</strong></span> <span class='ocrx_word' id='word_1_551' title='bbox 1049 2572 1134 2602; x_wconf 89' lang='lat' dir='ltr'><strong>arido</strong></span> <span class='ocrx_word' id='word_1_552' title='bbox 1154 2575 1244 2610; x_wconf 82' lang='lat' dir='ltr'><strong>atque</strong></span> <span class='ocrx_word' id='word_1_553' title='bbox 1264 2580 1395 2611; x_wconf 86' lang='lat' dir='ltr'><strong>arenoso,</strong></span> <span class='ocrx_word' id='word_1_554' title='bbox 1424 2572 1501 2603; x_wconf 85' lang='lat' dir='ltr'><strong>Hist.</strong></span> <span class='ocrx_word' id='word_1_555' title='bbox 1525 2573 1552 2611; x_wconf 83' lang='lat'><strong>2,</strong></span> <span class='ocrx_word' id='word_1_556' title='bbox 1575 2572 1624 2609; x_wconf 78' lang='lat'><strong>92,</strong></span> <span class='ocrx_word' id='word_1_557' title='bbox 1643 2569 1734 2601; x_wconf 72' lang='lat' dir='ltr'><strong>animi</strong></span> <span class='ocrx_word' id='word_1_558' title='bbox 1763 2607 1765 2609; x_wconf 26' lang='grc'>,</span> 
     </span>
     <span class='ocr_line' id='line_1_48' title="bbox 134 2617 1745 2661; baseline -0.002 -8"><span class='ocrx_word' id='word_1_559' title='bbox 134 2625 232 2661; x_wconf 83' lang='lat' dir='ltr'><strong>atrox,</strong></span> <span class='ocrx_word' id='word_1_560' title='bbox 252 2623 279 2660; x_wconf 87' lang='grc'><strong>3,</strong></span> <span class='ocrx_word' id='word_1_561' title='bbox 302 2624 338 2653; x_wconf 74' lang='grc'><strong>17</strong></span> <span class='ocrx_word' id='word_1_562' title='bbox 359 2622 450 2652; x_wconf 90' lang='lat' dir='ltr'><strong>animi</strong></span> <span class='ocrx_word' id='word_1_563' title='bbox 470 2622 606 2652; x_wconf 85' lang='lat' dir='ltr'><strong>firmatus</strong></span> <span class='ocrx_word' id='word_1_564' title='bbox 632 2623 677 2660; x_wconf 87' lang='lat'><strong>(4,</strong></span> <span class='ocrx_word' id='word_1_565' title='bbox 698 2623 734 2653; x_wconf 78' lang='lat'>71</span> <span class='ocrx_word' id='word_1_566' title='bbox 756 2621 863 2652; x_wconf 85' lang='lat' dir='ltr'><strong>nimius</strong></span> <span class='ocrx_word' id='word_1_567' title='bbox 871 2620 898 2658; x_wconf 80' lang='lat'><strong>‘?)</strong></span> <span class='ocrx_word' id='word_1_568' title='bbox 918 2622 952 2659; x_wconf 87' lang='lat'><strong>4,</strong></span> <span class='ocrx_word' id='word_1_569' title='bbox 973 2622 1010 2652; x_wconf 84' lang='grc'>’72</span> <span class='ocrx_word' id='word_1_570' title='bbox 1030 2621 1136 2651; x_wconf 86' lang='lat' dir='ltr'><strong>auxius</strong></span> <span class='ocrx_word' id='word_1_571' title='bbox 1156 2621 1256 2659; x_wconf 82' lang='lat' dir='ltr'><strong>animi,</strong></span> <span class='ocrx_word' id='word_1_572' title='bbox 1277 2622 1313 2659; x_wconf 87' lang='lat'><strong>3,</strong></span> <span class='ocrx_word' id='word_1_573' title='bbox 1333 2622 1369 2652; x_wconf 87' lang='lat'><strong>81</strong></span> <span class='ocrx_word' id='word_1_574' title='bbox 1391 2621 1498 2652; x_wconf 85' lang='lat' dir='ltr'><strong>dubius</strong></span> <span class='ocrx_word' id='word_1_575' title='bbox 1519 2619 1632 2656; x_wconf 72' lang='lat' dir='ltr'><strong>consili.</strong></span> <span class='ocrx_word' id='word_1_576' title='bbox 1651 2619 1679 2658; x_wconf 84' lang='lat'><strong>4,</strong></span> <span class='ocrx_word' id='word_1_577' title='bbox 1696 2617 1745 2650; x_wconf 78' lang='grc'>’73-</span> 
     </span>
     <span class='ocr_line' id='line_1_49' title="bbox 97 2662 1835 2708; baseline -0.002 -7"><span class='ocrx_word' id='word_1_578' title='bbox 97 2694 100 2695; x_wconf 25' lang='lat'><em>⁷</em></span> <span class='ocrx_word' id='word_1_579' title='bbox 134 2670 239 2701; x_wconf 82' lang='lat' dir='ltr'><strong>consili</strong></span> <span class='ocrx_word' id='word_1_580' title='bbox 258 2678 354 2708; x_wconf 80' lang='lat' dir='ltr'><strong>aeger.</strong></span> <span class='ocrx_word' id='word_1_581' title='bbox 1791 2683 1797 2691; x_wconf 84' lang='lat'><strong>.</strong></span> <span class='ocrx_word' id='word_1_582' title='bbox 1826 2662 1835 2687; x_wconf 48' lang='grc' dir='ltr'><strong>ἵ</strong></span> 
     </span>
    </p>
   </div>
   <div class='ocr_carea' id='block_1_9' title="bbox 1780 2719 1835 2802">
    <p class='ocr_par' dir='ltr' id='par_1_15' title="bbox 1780 2719 1835 2802">
     <span class='ocr_line' id='line_1_50' title="bbox 1780 2719 1835 2802; baseline 0 0"><span class='ocrx_word' id='word_1_583' title='bbox 1780 2719 1835 2802; x_wconf 95' lang='lat' dir='ltr'><strong> </strong></span> 
     </span>
    </p>
   </div>
  </div>
 </body>
</html>
