1835 2802
59 355 68 362 ..
141 326 193 363 vir
216 326 326 364 multa
349 328 419 365 fide
444 340 555 376 neque
581 331 774 377 spernenda
799 331 954 368 doctrina
979 331 1025 367 sit
1048 331 1286 426 Philargyri2us
1299 332 1340 378 ²),
1366 332 1402 368 id
1425 342 1606 379 perperam
1630 327 1752 369 existi‘-
1812 326 1829 390 {j-

72 407 74 409 -
140 395 235 423 mare
258 385 347 422 mihi
372 386 514 423 videtur.
566 386 656 424 Illud
689 391 805 425 autem
838 389 930 436 quod
964 391 1018 425 est
1050 389 1086 425 in
1118 389 1251 437 Iug.2
1262 391 1345 434 4,:
1385 390 1512 434 „dediti
1537 390 1750 438 corporis
1776 397 1779 398 ’

44 0 142 35 ν
160 0 188 38 ’,Ξ
195 30 198 33 ,
208 4 226 30 2
236 5 241 24 τ
253 26 256 29 .

88 42 114 96 ’ΐῗ
127 40 197 95 ,ἰὶθ

140 150 388 201 philargyriae,
414 154 476 201 qui
500 154 544 191 ad
569 154 675 203 Verg
702 155 829 205 Georg.
855 156 891 194 11
915 156 986 194 336
1010 155 1098 194 haec
1123 156 1316 195 adnotavitz
1334 156 1476 196 videtur
1497 129 1640 196 secutus

25 240 30 247 ,
50 238 56 245 .
141 221 273 255 curum,
301 212 361 258 qui
386 212 455 248 ait:
492 212 615 249 Omnia
638 224 727 260 quae
753 216 836 258 orta„
863 215 1024 251 occidunt
1049 217 1083 252 et
1108 217 1207 252 aucta
1224 217 1422 254 senescunt.
1473 214 1593 261 Quem
1606 226 1667 263 qm

140 267 256 306 locum
280 280 301 305 a
325 269 469 307 Platone
483 271 513 318 ¹)
539 274 716 319 sumptum
741 283 816 310 esse
841 275 942 320 putat
966 272 1119 318 Dietsch,
1147 274 1208 311 sed
1233 284 1311 311 cum
1335 274 1372 311 in
1396 274 1437 310 iis
1462 283 1549 321 quae
1573 273 1773 320 adnotavit

140 443 339 489 gaudiis“
367 455 447 480 cum
471 456 541 481 non
566 445 698 482 dicatur
730 457 795 483 nec
819 446 948 483 laetitia
979 457 1043 483 nec
1068 448 1232 494 gaudium
1264 448 1300 483 in
1326 458 1466 494 corpore
1501 447 1588 495 (Cic.
1616 448 1659 484 de
1685 447 1750 483 fin.v

140 500 174 543 2,
199 501 235 545 4,
260 501 310 547 3),
336 502 384 539 ita
408 503 661 550 expediendum
685 507 850 551 putarunt
874 505 979 541 Fabri
1005 508 1038 541 et
1063 506 1159 542 Kritz
1185 507 1256 553 (ad.
1282 506 1373 550 loc.)‚
1411 508 1450 542 ut
1479 506 1630 553 corporis
1662 516 1765 555 gau-v
1814 500 1832 530 ῗ

140 557 197 594 dia
221 558 257 595 h.
275 558 298 594 l.
317 559 384 596 dici
400 562 573 607 putarent,
601 564 772 608 quatenus
798 563 934 599 animus
958 574 1019 610 per
1045 574 1168 611 corpus
1193 564 1365 611 voluptate
1389 564 1506 600 fruens
1523 564 1764 611 cogitaretur„
1813 572 1815 575 ·

138 615 175 653 in
209 627 277 664 quo
311 617 460 656 Salustio
495 620 678 658 convenire
709 632 788 657 cum
821 620 970 668 Epicuro
1005 621 1094 667 (coll.
1122 621 1191 659 Cic.
1220 623 1321 659 Tusc.
1346 622 1381 666 5,
1407 623 1465 666 33,
1492 623 1565 668 96).
1617 621 1744 658 Contra

139 685 226 721 quos
249 687 320 718 non
346 676 462 723 inepte
488 679 622 714 monuit
646 679 790 714 Dietsch
815 680 941 726 gaudia
966 680 1118 725 corporis
1144 690 1218 716 esse
1249 690 1306 716 eas
1338 691 1412 722 res,
1450 680 1575 726 quibus
1609 680 1752 727 corpori,
1833 713 1835 720 ,

139 731 296 779 voluptas
321 733 479 779 affertur,
519 746 606 782 quae
640 747 709 772 non
738 738 923 783 potuerunt
956 736 1149 783 voluptates
1184 738 1255 773 sive
1294 748 1414 774 sensus
1448 737 1599 784 corporis
1624 746 1746 775 suaves
1817 740 1835 763 ³³

140 794 175 826 et
205 791 345 827 iucundi
378 793 455 828 dici.
507 793 597 838 Quin
622 794 724 830 etiam
749 794 807 830 illo
833 794 908 830 loco
933 794 1008 841 Iug.
1034 795 1092 838 42,
1118 796 1158 830 3:
1202 794 1291 838 „Sed
1315 796 1405 831 bono
1430 794 1519 830 vinci
1544 795 1650 830 satius
1676 796 1744 837 est,

139 859 245 895 quam
278 849 370 885 malo
403 861 498 886 more
532 850 689 887 iniuriam
724 852 891 895 vincere,“
930 852 990 898 qui
1023 852 1162 898 quidem
1196 852 1310 888 bono
1336 853 1378 888 ad
1403 863 1562 888 morem
1587 852 1742 888 referunt

139 906 276 952 (contra
300 907 443 943 Dietsch
472 909 515 944 ad
541 908 625 955 loc.)
651 920 851 955 expressum
878 920 953 946 esse
979 912 1101 956 putant
1128 909 1212 946 illud
1238 909 1504 956 Epicureorum:
1538 905 1744 955 εὐλογίστως

138 962 283 1008 ἀτυχεῖν
307 960 331 1012 ἢ
357 962 547 1011 ἀλογίστως
572 966 737 1011 εὐτυχεῖν.

128 1029 131 1030 ’
253 1022 477 1069 Epicureisne
514 1024 619 1070 igitur
656 1036 699 1061 an
734 1025 856 1062 Stoicis
893 1024 1109 1071 philosophis
1146 1025 1420 1061 adnumerandus
1457 1027 1510 1061 est
1549 1024 1765 1066 Salustius?‘

139 1079 283 1116 Dietsch
309 1084 413 1128 negat
437 1084 631 1128 utrumque.
683 1082 764 1117 Non
790 1082 883 1118 enim
909 1082 968 1117 ulli
994 1082 1277 1128 philosophorum
1302 1085 1414 1118 sectae
1440 1082 1612 1119 addictum
1638 1082 1744 1118 fuisse

138 1139 236 1183 putat
261 1137 469 1183 Salustium,
510 1140 570 1176 sed
596 1151 700 1186 quam
725 1151 767 1175 ex
800 1139 983 1186 multiplici
1017 1139 1185 1175 variarum
1223 1151 1339 1176 rerum
1376 1140 1569 1188 cognitione
1606 1142 1641 1176 et
1677 1151 1740 1176 usu

139 1196 353 1242 concepisset
377 1198 421 1233 de
446 1198 515 1233 vita
541 1198 693 1234 humana
718 1199 923 1234 sententiam
951 1198 1174 1249 illustravisse
1208 1198 1348 1244 quidem
1383 1200 1417 1234 et
1450 1198 1672 1234 confirmasse
1705 1200 1742 1233 et

138 1252 343 1290 stabilivisse
367 1254 651 1302 philosophorum
676 1256 885 1302 praeceptis,
925 1256 986 1292 sed
1018 1256 1065 1291 ita
1098 1255 1310 1302 exposuisse,
1337 1257 1376 1291 ut
1410 1255 1513 1292 etiam
1539 1255 1581 1292 ab
1606 1255 1659 1300 iis,
1686 1254 1744 1302 qui

139 1312 283 1348 scientia
308 1313 549 1360 philosophiae
573 1326 643 1350 non
668 1316 782 1351 essent
807 1315 940 1357 imbuti,
971 1314 1124 1360 intellegi
1150 1316 1300 1360 possent.
1327 1314 1419 1350 Nam
1451 1316 1490 1349 ut
1514 1314 1662 1350 universi
1686 1325 1746 1359 po-

137 1370 210 1416 puli
236 1370 383 1406 Romani
408 1372 457 1407 sic
484 1372 608 1407 Salusti
633 1372 811 1418 ingenium
837 1373 880 1406 ad
905 1371 989 1407 illud
1015 1372 1163 1407 maxime
1188 1370 1383 1413 inclinasse,
1409 1371 1501 1416 quod
1526 1381 1626 1406 usum
1643 1381 1741 1415 prae·
1809 1395 1812 1398 «

138 1427 243 1472 beret,
270 1427 358 1465 nihil
382 1440 535 1476 unquam
560 1429 735 1477 probasse,
762 1429 848 1466 nihil
874 1432 1029 1466 secutum
1055 1440 1140 1472 esse,
1167 1428 1232 1465 nisi
1257 1428 1348 1465 unde
1374 1427 1501 1475 aliquid
1526 1427 1682 1464 utilitatis
1705 1427 1742 1464 in

138 1486 243 1521 vitam
268 1487 538 1522 redundaturum
565 1499 639 1523 esse
664 1487 900 1523 intellexisset.
936 1487 1034 1530 Quod
1060 1498 1139 1522 cum
1164 1487 1231 1522 nisi
1265 1486 1437 1521 humanae
1462 1488 1604 1521 naturae
1636 1485 1743 1520 omni-

138 1553 266 1590 umque
291 1554 416 1588 rerum,
444 1555 531 1591 quae
557 1544 600 1581 ad
624 1544 801 1581 hominem
827 1544 1010 1591 pertinent,
1038 1543 1324 1591 contemplatione
1341 1543 1538 1591 investigari
1554 1554 1624 1579 non
1641 1553 1741 1589 posse

138 1604 305 1645 censeret,
333 1602 520 1639 Salustium
546 1603 613 1639 hoc
640 1614 755 1639 orsum
780 1614 856 1639 esse
881 1603 1060 1649 principio,
1087 1604 1126 1638 ut
1150 1613 1259 1649 genus
1288 1601 1481 1637 humanum
1514 1601 1743 1647 compositum

140 1668 214 1697 esse
240 1660 370 1697 diceret
395 1672 437 1697 ex
462 1661 577 1697 animo
604 1664 639 1698 ct
665 1673 807 1708 corpore
835 1660 921 1706 (Cat.
951 1663 982 1705 1,
1010 1661 1042 1703 2,
1069 1660 1144 1707 Iug.
1171 1661 1203 1704 2,
1235 1660 1282 1706 1),
1322 1670 1408 1706 quae
1441 1661 1556 1706 partes
1581 1670 1661 1695 cum
1684 1669 1743 1695 na-

138 1719 215 1753 tura
240 1729 302 1754 sua
328 1721 442 1755 essent
467 1720 630 1763 diversae,
658 1720 891 1766 quaerendum
917 1730 1002 1761 esse,
1029 1720 1103 1754 utra
1129 1717 1235 1754 altera
1260 1720 1350 1753 esset
1374 1716 1620 1763 praestabilior.
1647 1716 1741 1752 Haec

138 1773 227 1811 bene
251 1775 397 1812 Dietsch
425 1777 481 1822 (ad
506 1776 581 1824 Iug.
612 1778 643 1820 1,
669 1778 702 1821 3,
729 1787 762 1824 p.
790 1776 836 1822 5).

254 1834 324 1870 Sed
359 1836 451 1870 unde
486 1835 522 1870 in
548 1835 695 1871 Salustio
732 1835 799 1870 hoc
837 1837 971 1870 tantum
1012 1833 1239 1869 humanarum
1271 1843 1386 1869 rerum
1425 1831 1741 1879 cognoscendarum

137 1891 301 1934 studium,
327 1891 413 1928 haec
438 1894 531 1929 tanta
555 1904 670 1929 rerum
698 1893 865 1939 cognitio,
905 1894 1066 1938 quantam
1100 1891 1155 1927 vix
1180 1891 1216 1926 in
1242 1890 1444 1936 Thucydide
1476 1892 1533 1925 aut
1565 1889 1739 1926 Herodoto

138 1949 267 1986 nedum
292 1950 328 1985 in
352 1949 395 1985 iis
420 1950 602 1994 inveneris,
630 1951 689 1997 qui
715 1950 844 1986 Romae
870 1952 949 1985 ante
976 1948 1161 1985 Salustium
1185 1958 1240 1984 res
1266 1949 1381 1994 gestas
1399 1945 1604 1983 narrarunt?
1628 1944 1741 1981 Multa

67 2003 95 2042 ‘1
139 2007 279 2053 quidem
305 2008 340 2044 in
366 2018 403 2044 re
428 2008 567 2055 publica
591 2008 685 2051 vidit,
713 2007 821 2044 multa
847 2009 1007 2054 expertus
1032 2008 1094 2049 est,
1121 2005 1183 2042 sed
1208 2016 1257 2048 ea,
1292 2005 1358 2041 nisi
1383 2005 1419 2041 in
1453 2015 1492 2040 eo
1517 2003 1639 2040 fuisset
1662 2001 1740 2049 phi-

136 2064 311 2114 losophiae
336 2066 491 2103 studium
516 2068 550 2104 et
575 2065 764 2112 disciplina,
791 2076 903 2112 neque
928 2064 1138 2112 percepisset
1162 2074 1274 2111 neque
1299 2063 1341 2100 ad
1366 2061 1622 2110 philosophiam
1646 2061 1740 2097 retu-

135 2123 244 2160 lisset.
295 2124 352 2159 Ab
378 2123 626 2160 adulescentuli
650 2123 756 2170 igitur
790 2123 918 2159 Salusti
952 2122 1138 2168 sapientiae
1171 2122 1284 2157 studio
1321 2120 1512 2167 profectam
1550 2130 1626 2155 esse
1664 2128 1741 2153 eam

137 2181 345 2229 optimarum
369 2193 483 2220 rerum
510 2181 741 2229 cognitionem
766 2180 986 2217 manifestum
1011 2181 1073 2216 est.

251 2241 369 2287 Atque
405 2239 657 2286 Empedocleae
694 2239 930 2286 philosophiae
961 2237 1254 2275 adulescentulum
1287 2237 1473 2273 Salustium
1507 2245 1646 2283 operam
1677 2244 1736 2269 na-

137 2308 244 2341 vasse,
270 2298 329 2334 ubi
354 2298 397 2334 de
422 2297 654 2334 adulescentia
687 2296 906 2343 exposuimus
918 2296 959 2343 ⁸),
998 2306 1040 2333 cx
1072 2294 1293 2342 Empedoclis
1326 2296 1362 2331 et
1398 2293 1519 2342 Nigidi
1554 2295 1589 2329 et
1613 2288 1742 2328 Salusti

135 2358 258 2393 natura
283 2357 318 2393 et
343 2355 456 2394 indole
483 2355 703 2403 collegimus,
731 2366 818 2402 quae
843 2354 922 2391 inde
948 2354 991 2391 ad
1016 2364 1130 2390 mores
1148 2352 1273 2390 Salusti
1291 2352 1537 2400 pertinuerint,
1564 2349 1736 2395 deinceps,

135 2414 194 2450 ubi
212 2414 255 2451 de
272 2414 425 2450 moribus
444 2414 661 2450 tractandum
679 2413 753 2455 fuit,
773 2412 995 2459 exposuimus
1013 2413 1063 2459 (p.
1077 2411 1185 2458 7sq.),
1212 2422 1304 2447 nunc
1321 2422 1409 2457 quae
1427 2411 1469 2446 ad
1486 2406 1745 2456 philosophiamv

251 2558 274 2594 ¹)
294 2556 422 2587 Phaedr.
443 2566 472 2595 p,
492 2557 646 2588 318=245
667 2565 692 2594 c,
714 2555 769 2586 Cic.
792 2555 881 2587 Tusc.
895 2555 919 2594 1,
940 2556 985 2594 23,
1006 2556 1051 2586 54.

250 2605 276 2644 ²)
297 2604 393 2637 Teuff.
413 2604 448 2637 L.
468 2604 505 2637 R.
525 2604 579 2636 H}
593 2605 665 2638 465Β
685 2619 722 2630 =
742 2604 788 2635 id⁴
807 2605 873 2637 479.

257 2654 282 2690 Β)
301 2654 347 2685 De
368 2655 429 2685 vita
450 2654 481 2685 C.
501 2653 561 2685 Sal.
583 2654 629 2685 Cr.
651 2654 720 2693 Cap.
742 2653 769 2685 V
788 2663 817 2692 p.
839 2654 939 2692 18sqq.
