1835 2802
171 534 257 607 De
309 534 365 607 C.
408 535 647 608 Salusti
698 534 897 627 Crispi
945 534 1232 608 moribus
1282 538 1344 607 et
1396 533 1663 626 scriptis.

405 773 513 830 Cap.
543 773 575 817 Ι.
612 773 681 818 De
710 774 919 818 moribus
948 774 994 819 C.
1027 774 1205 819 Salusti
1235 774 1401 830 Crispi.

235 889 350 924 Vitam
376 889 413 925 O.
429 889 553 925 Salusti
580 889 705 925 abhinc
730 891 879 936 quinque
905 902 1011 926 annos
1037 890 1310 936 enarravimus1),
1337 893 1443 926 restat
1467 890 1580 935 igitur,
1608 893 1645 924 ut
1670 890 1712 925 de

51 952 53 954 ’
122 947 194 983 eius
219 947 370 982 moribus
394 957 501 993 pauca
526 946 688 985 dicamus
739 948 835 984 Licet
868 949 960 984 enim
993 949 1079 985 bene
1113 949 1281 985 monuerit
1313 948 1470 993 Munk2),
1509 948 1564 983 vix
1590 958 1712 994 operae

121 1006 268 1053 pretium
294 1016 369 1042 esse
394 1005 565 1053 inquirere
591 1006 626 1042 in
652 1006 776 1042 Salusti
801 1018 924 1050 mores,
951 1018 1030 1044 cum
1054 1006 1224 1054 plerisque
1258 1007 1331 1043 eius
1357 1007 1521 1053 temporis
1546 1005 1710 1042 Romanis

122 1064 250 1100 civibus
275 1075 389 1110 neque
414 1063 535 1099 melior
560 1075 670 1110 neque
695 1065 790 1111 prior
815 1065 919 1102 fuisse
944 1066 1007 1101 sibi
1033 1067 1186 1102 videatur
1203 1066 1380 1108 Salustius,
1408 1068 1522 1101 tamen
1548 1075 1627 1100 eum
1652 1064 1712 1100 ad-

120 1121 189 1157 hue
215 1122 278 1157 sub
303 1122 414 1157 iudice
438 1121 480 1157 lis
505 1121 559 1165 sit,
586 1124 620 1157 et
644 1123 756 1158 variae
784 1132 910 1169 eaeque
944 1134 1013 1159 non
1037 1123 1242 1160 firmissimis
1267 1123 1480 1170 argumentis
1511 1122 1604 1158 nisae
1634 1133 1711 1158 sen-

120 1179 247 1215 tentiae
272 1180 502 1225 proferantur,
542 1180 626 1215 mihi
664 1192 742 1218 110111
766 1181 1088 1226 praetermittenda,
1127 1181 1233 1217 immo
1268 1193 1334 1227 quo
1367 1180 1490 1216 melius
1515 1179 1651 1216 cederet
1676 1179 1712 1215 in

120 1236 212 1272 hunc
237 1236 350 1272 locum
375 1236 561 1272 differenda
586 1237 763 1273 videbatur
788 1248 861 1273 esse
886 1239 1039 1284 quaestio
1065 1239 1107 1274 de
1133 1238 1258 1275 Salusti
1283 1238 1444 1274 moribus.

234 1295 361 1342 Atque,
388 1297 426 1331 ut
451 1296 492 1331 ab
517 1295 558 1331 iis
584 1296 684 1332 rebus
709 1296 916 1342 principium
942 1307 1127 1337 sumamus,
1154 1307 1241 1344 quae
1266 1295 1474 1331 firmissimis
1499 1293 1710 1341 argumentis

119 1353 282 1396 nituntur,
321 1354 471 1399 primum
496 1354 538 1389 de
564 1353 690 1389 Salusti
716 1353 879 1389 adulterio
906 1365 984 1389 cum
1008 1354 1136 1389 Fausta
1160 1354 1389 1400 inquiramus,
1430 1353 1552 1388 deinde
1578 1352 1621 1387 ad
1646 1351 1712 1387 alia

120 1420 206 1456 quae
232 1409 378 1446 Salustio
403 1410 531 1457 passim
557 1410 638 1446 vitio
663 1410 857 1447 tribuuntur
882 1411 1073 1447 veniamus.
1115 1411 1163 1447 Et
1188 1411 1342 1447 adulterii
1368 1410 1508 1457 quidem
1534 1409 1629 1445 testis
1654 1419 1712 1448 an-

77 1515 82 1520 .
119 1467 330 1514 tiquissimus
369 1468 530 1515 idemque
566 1468 785 1516 gravissimus
822 1471 874 1505 est
905 1469 954 1504 M.
982 1469 1160 1505 Terentius
1185 1468 1294 1505 Varro
1328 1468 1493 1504 Reatinus
1528 1466 1709 1514 (116-27

121 1527 199 1562 ante
225 1525 449 1571 0111101),ᾶο
475 1537 541 1572 quo
567 1527 652 1562 haec
678 1527 760 1562 dicit
785 1527 913 1563 Gellius
927 1527 974 1573 ³):
1005 1527 1074 1571 „M.
1097 1527 1210 1569 Varro,
1237 1527 1273 1562 in
1298 1526 1405 1563 literis
1429 1528 1531 1572 atque
1556 1525 1625 1560 vita
1641 1524 1710 1560 fide

121 1582 225 1619 homo
250 1583 356 1620 multa
381 1585 416 1620 et
439 1584 564 1631 grauis,
590 1584 624 1620 in
650 1584 748 1627 libro,
775 1595 879 1631 quem
904 1584 1041 1632 scripsit
1064 1584 1147 1621 Pius
1171 1586 1229 1622 aut
1262 1584 1304 1621 de
1329 1594 1421 1631 pace,
1449 1582 1484 1619 C.
1512 1582 1711 1625 Salustium,

123 1642 323 1687 scriptorem
348 1642 454 1678 seriae
479 1642 569 1677 illius
594 1645 628 1678 et
653 1653 791 1679 seuerae
817 1643 989 1684 orationis,
1016 1643 1052 1678 in
1078 1643 1173 1678 cuius
1199 1642 1340 1678 historia
1364 1642 1521 1677 notiones
1540 1641 1712 1676 censorias

117 1697 206 1734 fieri>
220 1701 320 1746 atque
346 1699 494 1736 exerceri
520 1699 696 1743 uidemus,
735 1700 770 1736 in
796 1699 960 1736 adulterio
986 1699 1237 1747 deprehensum
1262 1699 1304 1735 ab
1329 1698 1443 1734 Annio
1469 1696 1598 1734 Milone
1624 1696 1707 1733 loris

116 1756 205 1792 bene
229 1768 368 1792 caesum
394 1757 477 1792 dicit
502 1759 548 1799 et,
576 1768 655 1793 cum
680 1757 828 1793 dedisset
852 1758 1041 1803 pecuniam,
1069 1758 1280 1793 dimissum.“

233 1813 349 1860 Atque
374 1814 496 1861 nequis
523 1813 631 1850 Gellio
656 1813 761 1850 fidem
785 1825 854 1850 non
880 1824 954 1851 esse
979 1814 1174 1851 habendam
1189 1816 1297 1861 putet,
1323 1813 1474 1861 primum
1503 1812 1712 1849 monendum

116 1881 192 1906 esse
217 1872 362 1914 videtur,
389 1872 425 1908 id
450 1873 541 1918 quod
566 1872 743 1919 Loebell4)
769 1874 885 1908 contra
909 1871 1069 1918 Muller⁵)
1106 1872 1290 1914 contendit,
1330 1871 1493 1913 Gellium,
1533 1881 1611 1905 cum
1636 1872 1707 1906 tam

117 1930 270 1965 accurate
295 1931 330 1966 et
355 1929 537 1976 diligenter
561 1929 737 1966 hominem
763 1931 797 1966 et
820 1928 946 1966 librum
972 1929 1175 1977 designaret,
1203 1940 1273 1966 non
1290 1940 1332 1965 ex
1347 1927 1513 1965 memoria
1529 1927 1615 1964 haec
1632 1937 1709 1973 pro-

116 1971 242 2030 tfflisse,
269 1988 331 2023 sed
356 1998 399 2024 011
423 1988 497 2035 ipso
523 1988 608 2024 libro
634 1988 873 2034 descripsisse,
913 1987 948 2023 id
973 1987 1065 2033 quod
1089 1988 1163 2034 ipso
1188 1988 1293 2024 verbo
1323 1987 1444 2031 „dicit··
1474 1986 1707 2022 confirmatur.

117 2041 204 2078 'rum
231 2044 488 2080 eoncedendum
513 2045 652 2091 quidem
678 2045 770 2091 quod
795 2045 913 2080 statuit
936 2044 1074 2088 Kritzss),
1111 2044 1259 2081 Gellium
1296 2045 1362 2080 hoc
1399 2043 1524 2079 referre
1561 2044 1600 2077 ut
1633 2052 1708 2077 rem

116 2100 247 2144 miram,
274 2101 458 2146 insolitam,
485 2102 581 2139 valde
606 2102 872 2146 memorabilem,
901 2103 962 2138 sed
986 2113 1055 2138 11011
1081 2113 1159 2138 011111
1193 2103 1366 2149 ignoraret
1406 2103 1463 2136 aut
1488 2099 1707 2146 improbaret,

196 2221 199 2224 “
229 2234 255 2273 ²)
274 2234 321 2265 De
341 2235 405 2266 vita
424 2236 452 2267 C.
473 2236 585 2268 salusti
605 2236 699 2276 Crispi
719 2236 934 2268 commentatio.
975 2237 1147 2275 Programm
1177 2236 1229 2267 des
1258 2236 1279 2266 f.
1299 2244 1323 2266 e.
1344 2233 1577 2273 Privat-Gymn.
1598 2233 1705 2263 Borro-

117 2290 234 2312 maeum
252 2292 290 2313 zu
309 2283 463 2323 salzburg.
485 2286 567 2317 1879.

234 2330 258 2368 ²)
277 2330 312 2362 L.
333 2331 369 2363 R.
390 2332 428 2363 Η.
449 2332 493 2362 11¹
512 2334 577 2365 385.

232 2379 255 2418 8)
276 2379 388 2410 Noctes
407 2381 529 2412 Atticae
550 2383 594 2413 17.
617 2383 653 2414 18
672 2382 797 2421 (Hertz).

231 2428 255 2465 ⁴)
275 2427 337 2458 Zur
355 2428 572 2469 Beurtheilung
592 2430 644 2461 des
664 2431 694 2460 C.
715 2430 874 2461 Sallustius
894 2430 1022 2468 Crispus.
1042 2429 1166 2459 Breslau
1189 2429 1273 2459 1818.
1293 2427 1321 2458 S.
1343 2429 1380 2458 25
1402 2428 1430 2457 ff.

232 2475 255 2514 ⁵)
275 2475 305 2507 G.
326 2476 485 2509 Sallustius
504 2478 624 2517 Crispus
643 2479 715 2510 oder
734 2477 1049 2509 historisch-kritische
1077 2477 1305 2514 Untersuchung
1336 2476 1388 2505 der
1418 2474 1622 2506 Nachrichten
1654 2483 1710 2504 von

92 2549 98 2555 .
115 2524 227 2555 minem
246 2524 356 2556 Leben.
397 2525 557 2558 Zullichau
576 2528 638 2559 und
657 2527 788 2566 Leipzig.
810 2527 891 2558 1817.

231 2571 256 2610 ⁰)
274 2571 437 2612 Proieaeom.
458 2582 486 2613 p.
508 2575 554 2606 10.
