1835 2802
145 145 181 183 in
205 144 350 182 summis
373 143 532 181 laudibus
556 144 631 180 eius
655 154 792 191 ponam.
844 143 1033 181 Historiam
1069 144 1181 189 enim,
1218 146 1344 183 testem
1381 147 1578 194 temporum

20 195 45 233 ,s
58 199 66 204 ”
103 239 105 242 ,
146 203 309 243 veritatis,
336 203 541 249 magistram
566 203 664 246 vitae,
691 202 847 238 nuntiam
880 202 1060 239 vetustatis
1096 214 1315 251 corrumpere
1352 204 1477 251 noluit,
1517 194 1660 253 cuius‘p

14 252 51 303 ’ἢ
79 252 82 256 ”
144 260 200 297 lex
230 262 292 305 est,
330 261 484 307 nequid
508 260 584 297 falsi
609 260 723 297 dicere
749 260 890 304 audeat,
930 259 1054 297 deinde
1087 272 1132 298 ne
1165 261 1249 309 quid
1282 262 1355 299 veri
1378 273 1448 300 non
1472 262 1597 300 audeat
1621 262 1740 310 (Gen,

144 330 177 364 p.
204 318 333 363 XXH).
385 318 484 362 Quod
521 320 636 354 autem
673 318 769 354 Kritz
811 317 916 364 (prol.
953 328 986 363 p.
1016 318 1074 363 14)
1115 319 1186 355 veri
1224 329 1366 356 sensum
1402 321 1473 356 tam
1511 320 1751 369 incorruptum,
1773 342 1779 351 ι
1798 323 1835 368 ,Ξ

147 377 287 421 tamque
313 375 464 411 validum
489 376 525 411 in
551 375 700 411 Salustio
725 375 841 422 vigere
865 374 1015 421 potuisse
1041 378 1154 422 negat,
1182 377 1210 412 si
1235 377 1442 423 turpissimis
1466 376 1665 414 libidinibus
1691 370 1750 414 obv
1768 385 1783 418 sp

144 434 269 470 noxius
293 433 432 477 fuisset,
472 433 564 479 quod
599 444 678 469 cum
712 443 754 468 ex
788 433 881 468 omni
915 433 1120 479 antiquitate
1155 435 1330 470 neminem
1362 446 1498 471 morum
1522 435 1675 481 nequitia
1697 434 1749 481 in-
1797 446 1808 469 f
1833 428 1835 447 ³

35 533 36 536 Ἴ
143 490 271 528 famem
297 490 333 526 in
358 490 494 536 scriptis
520 490 609 533 veri,
649 490 741 532 iusti,
778 489 914 525 honesti
949 492 1155 526 assertorem
1190 493 1224 527 et
1248 493 1431 538 patronum
1457 492 1626 529 exstitisse
1652 487 1747 536 dicit,
1822 484 1831 503 ⁷

81 547 85 551 ”
144 549 238 595 quod
263 548 370 595 igitur
396 548 594 591 Salustium,
622 547 651 583 si
677 547 756 583 talis
782 547 911 589 suisset,
938 548 1089 593 profecto
1116 549 1158 585 ab
1184 548 1302 597 ingeni
1326 549 1469 585 humani
1494 551 1616 586 natura
1640 544 1746 586 defle—

146 606 238 641 xisse
264 606 448 648 centendit,
476 605 700 641 vehementer
726 615 838 640 errare
863 604 950 640 mihi
976 606 1118 641 videtur.
1170 606 1387 643 Exstiterunt
1420 608 1513 643 enim
1537 609 1572 643 et
1595 607 1633 643 in
1657 607 1745 643 anti-

147 663 277 708 quitate
304 666 338 698 et
363 663 524 698 omnibus
549 662 769 708 temporibus,
798 661 856 706 qui
882 662 917 696 in
943 662 1033 704 vitia,
1069 663 1193 708 quibus
1220 664 1284 709 ipsi
1310 665 1446 700 obnoxii
1472 664 1617 707 fuerant,
1643 664 1748 709 scrip-

146 720 190 755 tis
217 719 471 756 invehebantur
498 721 600 765 atque
628 730 667 756 eo
694 718 931 754 vehementius
957 719 1224 764 invehebantur,
1268 732 1336 767 quo
1368 721 1480 768 magis
1513 721 1650 757 obnoxii
1674 721 1747 757 fua-

0 816 18 828 „
144 779 234 813 rant.
287 777 339 813 Ea
364 779 417 813 est
443 777 536 813 enim
562 777 679 823 ingeni
704 776 848 812 humani
873 778 1006 819 natura,
1033 780 1071 812 ut
1095 778 1154 813 ubi
1180 788 1215 813 80
1252 789 1386 814 errasse
1419 779 1596 825 cognovit,
1634 771 1746 815 taedio

0 844 13 868 rt
143 835 293 880 quodam
318 835 480 870 vitiorum
506 845 646 869 suorum
672 833 832 869 affectum
858 833 959 878 paulo
986 834 1225 870 vehementius
1250 836 1286 871 in
1312 835 1421 871 aliena
1446 836 1527 871 vitia
1551 836 1742 879 invehatur,

0 889 34 939 {s
142 895 181 928 111
206 895 242 928 01
266 903 327 928 sua
352 893 449 939 quasi
475 892 586 928 verbis
612 891 763 938 corrigat
788 892 823 926 et
847 889 930 926 alios
955 891 998 926 ab
1022 892 1148 928 iisdem
1174 893 1351 929 deterreat.
1393 891 1508 937 Quid?
1546 893 1608 938 Qu.
1635 892 1745 929 Hora-

143 950 211 985 tius
236 950 391 992 Flaccus,
418 951 460 985 D.
487 950 562 985 Iun.
590 949 779 990 Iuvenalis,
820 951 857 983 ut
888 959 930 983 ex
961 960 1088 995 magna
1121 950 1218 996 copia
1250 962 1357 986 unum
1391 951 1576 986 alterumve
1609 961 1745 986 sumam

142 1007 348 1052 exemplum,
387 1017 501 1041 nonne
527 1007 560 1041 in
587 1007 679 1049 vitia,
719 1006 843 1051 quibus
874 1006 940 1052 ipsi
967 1007 1104 1041 obnoxii
1140 1007 1283 1049 fuerant,
1309 1008 1557 1043 invehebantur
1582 1007 1743 1050 ridendo;

0 1090 3 1115 5
142 1075 223 1100 nam
249 1064 421 1100 ridentem
447 1064 558 1100 dicere
584 1075 722 1106 verum,
749 1064 832 1110 quid
859 1066 951 1099 vetat
990 1063 1078 1107 (Hor
1113 1064 1146 1100 S.
1175 1066 1230 1108 11,
1257 1058 1347 1110 24)?
1395 1065 1443 1101 Et
1468 1064 1529 1109 Qu.
1557 1064 1745 1111 Septimius

0 1120 21 1172 '52
146 1122 376 1159 Tertullianus
404 1123 438 1167 (a
465 1122 680 1167 150-220),
707 1124 890 1168 postquam
915 1133 934 1157 a
960 1121 1085 1157 saeculi
1112 1122 1203 1158 vitiis
1228 1123 1271 1158 ad
1289 1122 1519 1159 Christianam
1544 1122 1744 1169 religionem

140 1191 178 1215 se
202 1179 404 1223 contulerat,
431 1190 545 1215 nonne
571 1181 666 1214 tanta
691 1179 872 1215 severitate
899 1181 934 1214 et
959 1179 1141 1214 acerbitate
1167 1180 1320 1216 invectus
1346 1182 1398 1216 081
1423 1180 1459 1215 111
1477 1190 1516 1216 ea
1532 1180 1623 1223 vitia,
1651 1181 1690 1215 ut
1706 1179 1740 1215 in

140 1248 292 1273 errorem
317 1238 536 1273 induceretur
560 1236 842 1272 Manichaeorum
858 1236 915 1282 ¹)?

256 1294 380 1341 Neque
409 1306 489 1330 casu
514 1294 644 1330 factum
670 1294 872 1340 putaverim,
911 1295 950 1328 ut
987 1293 1010 1327 ii
1048 1294 1266 1339 potissimum
1299 1295 1483 1341 scriptores
1509 1293 1739 1336 ecclesiastici,

140 1353 200 1398 qui
226 1353 314 1388 vitae
348 1352 571 1388 similitudine
606 1352 761 1398 proxime
796 1352 839 1387 ad
872 1350 1058 1386 Salustium
1093 1355 1326 1395 accesserant,
1365 1354 1483 1398 postea
1516 1352 1588 1387 eius
1619 1351 1745 1397 scripta

139 1420 274 1444 summo
300 1410 413 1444 studio
439 1409 508 1444 sint
532 1409 667 1443 imitati.

253 1466 341 1502 Sunt
378 1466 470 1502 enim
496 1465 658 1502 Aurelius
684 1466 899 1513 Augustinus
939 1468 980 1512 (a.
1007 1466 1214 1512 345-43OJ
1256 1468 1289 1502 et
1327 1464 1497 1512 Sulpicius
1523 1465 1669 1502 Severus
1695 1467 1739 1511 (a.

136 1524 354 1574 365-425).
407 1525 523 1569 Atque
558 1524 774 1570 Augustinus
814 1524 952 1570 qualem
989 1527 1069 1560 ante
1103 1523 1358 1559 conversionem
1394 1524 1496 1558 vitam
1523 1524 1635 1569 egerit
1659 1523 1741 1558 satis

137 1583 351 1628 compertum
380 1584 446 1624 est,
474 1583 602 1627 quanto
628 1581 742 1616 studio
769 1580 955 1617 Salustium
980 1580 1157 1627 amplexus
1183 1581 1227 1616 sit
1253 1581 1335 1616 satis
1361 1580 1571 1627 intellegitur
1597 1592 1638 1616 ex
1664 1581 1738 1616 eius

138 1640 285 1685 scriptis⁷
312 1640 347 1674 in
374 1639 497 1685 quibus
523 1638 691 1684 plurimos
717 1639 843 1674 Salusti
868 1639 961 1675 locos
986 1639 1137 1674 laudavit
1149 1638 1188 1682 2).
1218 1638 1407 1684 Sulpicium
1433 1641 1548 1673 autem
1574 1639 1739 1674 Severum

139 1707 218 1732 cum
239 1725 267 1740 „.
287 1725 294 1733 .
318 1724 325 1732 .
366 1696 429 1732 fori
455 1695 652 1732 celebritate
678 1696 854 1732 diversans
880 1696 1017 1732 facundi
1042 1695 1190 1731 nominis
1216 1695 1364 1742 palmam
1392 1697 1532 1737 teneret,
1559 1695 1740 1741 repentino

135 1755 268 1799 impetu
311 1754 513 1789 discussisse
555 1753 676 1788 servile
718 1754 851 1799 peccati
892 1754 1043 1799 iugum,“
1090 1753 1187 1788 testis
1226 1755 1279 1789 est
1315 1753 1357 1788 D.
1385 1752 1546 1788 Paulinus
1582 1752 1738 1788 Nolanus

135 1810 206 1855 (ep.
233 1810 266 1852 5,
292 1810 346 1855 5).
396 1810 520 1854 Neque
546 1810 620 1845 sine
647 1820 747 1844 causa
771 1810 863 1844 idem
889 1809 1033 1844 Severus
1060 1809 1171 1844 dictus
1197 1812 1250 1844 est
1272 1809 1458 1851 „Salustius
1476 1808 1737 1853 Christianus-³).

135 1866 201 1913 Qui
238 1867 331 1904 enim
369 1866 459 1904 vitae
496 1866 719 1904 similitudine
756 1878 792 1903 se
831 1878 908 1904 cum
948 1865 1095 1903 Salustio
1133 1868 1251 1904 nostro
1287 1866 1519 1910 coniunxerat,
1560 1877 1629 1903 non
1668 1865 1739 1902 eius

135 1927 239 1961 verba
264 1926 388 1963 solum,
402 1926 555 1961 imitatus
581 1928 634 1961 est
658 1926 692 1960 in
719 1926 867 1971 scriptis,
895 1925 954 1960 sed
980 1925 1083 1961 etiam
1108 1936 1213 1971 grave
1239 1928 1273 1960 et
1297 1925 1458 1960 acerbum
1483 1925 1526 1960 de
1551 1924 1621 1959 suis
1646 1926 1734 1959 tem-

133 1983 274 2029 poribus
300 1982 514 2027 iudicium4).
561 1981 650 2026 Quid
675 1982 783 2029 ergo?
808 1982 901 2029 quod
925 1982 961 2017 in
979 1981 1199 2025 Tertulliano,
1225 1982 1435 2029 Augustino,
1459 1982 1585 2018 Severo
1610 1980 1740 2016 sactum

134 2041 302 2083 videmus,
329 2040 365 2076 id
390 2041 426 2076 in
453 2039 612 2076 Sallustio
638 2040 712 2076 fieri
738 2052 807 2076 non
831 2040 969 2086 potuit?
1018 2040 1064 2075 Et
1098 2039 1237 2076 deflexit
1262 2039 1430 2076 Salustius
1464 2052 1484 2075 a
1508 2041 1649 2081 natura,
1689 2037 1739 2074 illi

133 2110 204 2134 non
229 2097 468 2135 deflexerunt?
506 2097 617 2133 Immo
643 2109 722 2134 vero
748 2098 898 2141 Tacitus,
926 2097 1163 2142 Quintilianus,
1191 2097 1431 2140 Tertullianus,
1457 2094 1736 2143 Hieronymus⁶)‚

133 2156 362 2203 Augustinus,
389 2156 537 2192 Severus
563 2166 603 2191 eo
629 2156 714 2201 ipso,
742 2155 834 2201 quod
859 2155 965 2191 vitam
983 2154 1109 2191 Salusti
1134 2155 1270 2201 scriptis
1294 2166 1364 2191 non
1390 2155 1575 2201 opponunt,
1603 2164 1640 2189 se
1665 2163 1737 2188 me-

133 2213 200 2249 lius
227 2224 331 2259 quam
356 2213 515 2255 Dionem,
544 2212 704 2255 Gellium,
730 2213 959 2255 Macrobium,
997 2212 1216 2247 Lactantium
1248 2212 1465 2258 perspexisse
1490 2214 1648 2247 naturam
1680 2210 1731 2244 in-

133 2271 214 2318 geni
240 2271 383 2307 humani
409 2271 604 2314 ostendunt,
632 2270 724 2317 quod
748 2270 807 2306 ubi
832 2269 921 2316 fugit
947 2269 1109 2306 vitiorum
1135 2268 1348 2316 Charybdim
1374 2268 1496 2306 incidit
1527 2269 1563 2305 in
1589 2266 1737 2315 Scyllam

249 2404 272 2441 ι)
293 2404 336 2435 Cf.
357 2404 478 2434 Fessler
496 2404 645 2442 Patrolog.
668 2404 692 2432 Ι.
716 2405 730 2434 1
752 2412 780 2442 p.
802 2404 840 2435 46
861 2404 923 2440 2sq.

248 2452 273 2490 ²)
294 2452 331 2482 de
352 2452 432 2482 civit.
452 2452 509 2482 Dei
529 2452 544 2481 I
565 2454 591 2483 5.
612 2452 651 2487 II,
674 2452 718 2482 18.
740 2452 784 2482 21.
807 2452 859 2482 III.
882 2453 926 2482 14.
950 2452 993 2482 17.
1016 2452 1061 2482 21.
1083 2452 1119 2482 cf.
1140 2451 1170 2480 ΙΙ
1190 2453 1216 2482 5.
1239 2460 1284 2490 ep.
1307 2452 1371 2486 131,
1392 2453 1410 2483 6
1431 2454 1486 2482 etc.

248 2501 273 2538 ⁸)
293 2500 414 2530 Fessler
434 2500 545 2531 Patrol.
567 2500 606 2538 H,
629 2501 655 2536 1,
676 2500 741 2530 217.

251 2550 276 2586 ⁴)
296 2549 378 2579 Conf.
400 2548 481 2587 Sulp.
504 2549 569 2579 Sev.
591 2548 690 2578 chron.
713 2548 735 2586 Ι,
766 2548 812 2581 23,
834 2549 850 2577 7
873 2556 939 2577 cum
960 2547 1020 2578 Sal.
1042 2548 1103 2585 Iug.
1125 2549 1152 2582 4,
1173 2549 1191 2577 9
1212 2551 1242 2577 01
1261 2548 1337 2577 alios
1356 2548 1466 2577 multos
1487 2547 1576 2582 locos,
1610 2552 1683 2581 quos
1703 2543 1735 2571 in
1822 2553 1835 2568 2-

132 2605 223 2627 unum
245 2596 367 2635 collegit
386 2596 506 2635 Pratje:
525 2596 721 2635 Quaestiones
741 2595 949 2627 Sallustianae.
972 2596 1098 2627 Dissert.
1120 2595 1279 2634 Gottingae
1302 2597 1383 2627 1874.
1774 2593 1776 2595 ’

248 2644 273 2683 ⁸)
295 2644 342 2675 ed.
362 2643 460 2675 Maur.
481 2647 502 2675 t.
524 2643 567 2674 IV
586 2652 658 2684 pars
678 2643 716 2675 11.
738 2653 767 2683 p.
788 2644 853 2676 657.
