<?xml version="1.0" encoding="UTF-8"?>
<!DOCTYPE html PUBLIC "-//W3C//DTD XHTML 1.0 Transitional//EN"
    "http://www.w3.org/TR/xhtml1/DTD/xhtml1-transitional.dtd">
<html xmlns="http://www.w3.org/1999/xhtml" xml:lang="en" lang="en">
 <head>
  <title>
</title>
<meta http-equiv="Content-Type" content="text/html;charset=utf-8" />
  <meta name='ocr-system' content='tesseract 3.04.00' />
  <meta name='ocr-capabilities' content='ocr_page ocr_carea ocr_par ocr_line ocrx_word'/>
</head>
<body>
  <div class='ocr_page' id='page_1' title='image "./4771784_0028.png"; bbox 0 0 1835 2802; ppageno 0'>
   <div class='ocr_carea' id='block_1_1' title="bbox 0 0 167 95">
    <p class='ocr_par' dir='ltr' id='par_1_1' title="bbox 0 0 167 95">
     <span class='ocr_line' id='line_1_1' title="bbox 0 0 167 95; baseline 0 2707"><span class='ocrx_word' id='word_1_1' title='bbox 0 0 167 95; x_wconf 95' lang='lat' dir='ltr'><strong> </strong></span> 
     </span>
    </p>
   </div>
   <div class='ocr_carea' id='block_1_2' title="bbox 431 0 1217 47">
    <p class='ocr_par' dir='ltr' id='par_1_2' title="bbox 431 0 1217 47">
     <span class='ocr_line' id='line_1_2' title="bbox 431 0 1217 33; baseline 0.015 -2"><span class='ocrx_word' id='word_1_2' title='bbox 431 1 462 17; x_wconf 52' lang='lat'><strong>2·</strong></span> <span class='ocrx_word' id='word_1_3' title='bbox 481 0 514 20; x_wconf 62' lang='lat'><em>0</em></span> <span class='ocrx_word' id='word_1_4' title='bbox 559 0 716 32; x_wconf 42' lang='lat' dir='ltr'><strong>2:2rsf-aessv</strong></span> <span class='ocrx_word' id='word_1_5' title='bbox 724 0 978 33; x_wconf 42' lang='lat' dir='ltr'><strong>waifarum}</strong></span> <span class='ocrx_word' id='word_1_6' title='bbox 1035 6 1066 20; x_wconf 66' lang='lat'><em>1</em></span> <span class='ocrx_word' id='word_1_7' title='bbox 1075 3 1112 32; x_wconf 85' lang='grc'><strong>.·.-</strong></span> <span class='ocrx_word' id='word_1_8' title='bbox 1211 22 1217 29; x_wconf 62' lang='lat'>&lt;</span> 
     </span>
     <span class='ocr_line' id='line_1_3' title="bbox 666 31 1183 47; baseline -0.004 -4"><span class='ocrx_word' id='word_1_9' title='bbox 666 41 669 43; x_wconf 70' lang='grc'><strong>,</strong></span> <span class='ocrx_word' id='word_1_10' title='bbox 824 37 827 41; x_wconf 87' lang='grc'><em>.</em></span> <span class='ocrx_word' id='word_1_11' title='bbox 843 38 850 46; x_wconf 81' lang='grc'><strong>,</strong></span> <span class='ocrx_word' id='word_1_12' title='bbox 873 41 885 47; x_wconf 26' lang='grc' dir='ltr'><strong>,ἢ</strong></span> <span class='ocrx_word' id='word_1_13' title='bbox 942 39 945 44; x_wconf 96' lang='grc'><strong>,</strong></span> <span class='ocrx_word' id='word_1_14' title='bbox 984 31 993 43; x_wconf 71' lang='grc' dir='ltr'><strong>τ.</strong></span> <span class='ocrx_word' id='word_1_15' title='bbox 1015 36 1041 47; x_wconf 50' lang='grc' dir='ltr'><strong>ς»,</strong></span> <span class='ocrx_word' id='word_1_16' title='bbox 1181 33 1183 41; x_wconf 67' lang='lat' dir='ltr'>v</span> 
     </span>
    </p>
   </div>
   <div class='ocr_carea' id='block_1_3' title="bbox 978 0 1835 2802">
    <p class='ocr_par' dir='ltr' id='par_1_3' title="bbox 978 0 1835 2802">
     <span class='ocr_line' id='line_1_4' title="bbox 978 0 1835 228; baseline 0 -153"><span class='ocrx_word' id='word_1_17' title='bbox 978 0 1835 228; x_wconf 95' lang='lat' dir='ltr'><strong>    </strong></span> 
     </span>
     <span class='ocr_line' id='line_1_5' title="bbox 1673 228 1835 2262; baseline 0 0"><span class='ocrx_word' id='word_1_18' title='bbox 1673 228 1835 2262; x_wconf 95' lang='lat' dir='ltr'><strong>   </strong></span> 
     </span>
     <span class='ocr_line' id='line_1_6' title="bbox 1804 2270 1835 2327; baseline 0 475"><span class='ocrx_word' id='word_1_19' title='bbox 1804 2270 1835 2327; x_wconf 95' lang='lat' dir='ltr'><strong> </strong></span> 
     </span>
     <span class='ocr_line' id='line_1_7' title="bbox 1788 2327 1835 2519; baseline 0 0"><span class='ocrx_word' id='word_1_20' title='bbox 1788 2327 1835 2519; x_wconf 95' lang='lat' dir='ltr'><strong>    </strong></span> 
     </span>
     <span class='ocr_line' id='line_1_8' title="bbox 1708 2519 1835 2802; baseline 0 -203"><span class='ocrx_word' id='word_1_21' title='bbox 1708 2519 1835 2802; x_wconf 95' lang='lat' dir='ltr'><strong>  </strong></span> 
     </span>
    </p>
   </div>
   <div class='ocr_carea' id='block_1_4' title="bbox 95 129 1817 1865">
    <p class='ocr_par' dir='ltr' id='par_1_4' title="bbox 95 129 1801 1000">
     <span class='ocr_line' id='line_1_9' title="bbox 112 129 1604 195; baseline -0.001 -10"><span class='ocrx_word' id='word_1_22' title='bbox 112 148 309 195; x_wconf 91' lang='lat' dir='ltr'><strong>imperio</strong></span> <span class='ocrx_word' id='word_1_23' title='bbox 335 148 400 184; x_wconf 91' lang='lat' dir='ltr'><strong>uti</strong></span> <span class='ocrx_word' id='word_1_24' title='bbox 425 147 644 185; x_wconf 83' lang='lat' dir='ltr'><strong>referendum</strong></span> <span class='ocrx_word' id='word_1_25' title='bbox 670 158 746 184; x_wconf 86' lang='lat' dir='ltr'><strong>esse</strong></span> <span class='ocrx_word' id='word_1_26' title='bbox 771 147 901 191; x_wconf 78' lang='lat' dir='ltr'><strong>statuit,</strong></span> <span class='ocrx_word' id='word_1_27' title='bbox 930 147 984 183; x_wconf 85' lang='lat' dir='ltr'><strong>vix</strong></span> <span class='ocrx_word' id='word_1_28' title='bbox 1010 147 1097 184; x_wconf 90' lang='lat' dir='ltr'><strong>mihi</strong></span> <span class='ocrx_word' id='word_1_29' title='bbox 1121 140 1325 194; x_wconf 83' lang='lat' dir='ltr'><strong>probaverit.</strong></span> <span class='ocrx_word' id='word_1_30' title='bbox 1361 129 1477 195; x_wconf 55' lang='lat' dir='ltr'><strong>Ktque</strong></span> <span class='ocrx_word' id='word_1_31' title='bbox 1501 148 1537 184; x_wconf 89' lang='lat' dir='ltr'><strong>in</strong></span> <span class='ocrx_word' id='word_1_32' title='bbox 1555 148 1604 184; x_wconf 79' lang='lat' dir='ltr'><strong>-eo</strong></span> 
     </span>
     <span class='ocr_line' id='line_1_10' title="bbox 113 205 1794 254; baseline 0.001 -13"><span class='ocrx_word' id='word_1_33' title='bbox 113 207 206 252; x_wconf 88' lang='lat' dir='ltr'><strong>quod</strong></span> <span class='ocrx_word' id='word_1_34' title='bbox 239 206 392 241; x_wconf 90' lang='lat' dir='ltr'><strong>animum</strong></span> <span class='ocrx_word' id='word_1_35' title='bbox 426 206 524 241; x_wconf 88' lang='lat' dir='ltr'><strong>nobis</strong></span> <span class='ocrx_word' id='word_1_36' title='bbox 557 216 635 241; x_wconf 90' lang='lat' dir='ltr'><strong>cum</strong></span> <span class='ocrx_word' id='word_1_37' title='bbox 671 205 723 240; x_wconf 88' lang='lat' dir='ltr'><strong>dis</strong></span> <span class='ocrx_word' id='word_1_38' title='bbox 756 216 974 241; x_wconf 88' lang='lat' dir='ltr'><strong>communem</strong></span> <span class='ocrx_word' id='word_1_39' title='bbox 1008 216 1081 241; x_wconf 86' lang='lat' dir='ltr'><strong>esse</strong></span> <span class='ocrx_word' id='word_1_40' title='bbox 1112 205 1212 248; x_wconf 81' lang='lat' dir='ltr'><strong>dicit,</strong></span> <span class='ocrx_word' id='word_1_41' title='bbox 1251 205 1338 242; x_wconf 87' lang='lat' dir='ltr'><strong>bene</strong></span> <span class='ocrx_word' id='word_1_42' title='bbox 1376 205 1521 242; x_wconf 85' lang='lat' dir='ltr'><strong>Salustio</strong></span> <span class='ocrx_word' id='word_1_43' title='bbox 1559 212 1673 254; x_wconf 67' lang='lat' dir='ltr'><strong>conve</strong></span> <span class='ocrx_word' id='word_1_44' title='bbox 1784 223 1794 244; x_wconf 70' lang='grc' dir='ltr'>ς</span> 
     </span>
     <span class='ocr_line' id='line_1_11' title="bbox 113 262 1789 313; baseline -0.001 -14"><span class='ocrx_word' id='word_1_45' title='bbox 113 274 192 299; x_wconf 90' lang='lat' dir='ltr'><strong>cum</strong></span> <span class='ocrx_word' id='word_1_46' title='bbox 218 262 448 311; x_wconf 81' lang='lat' dir='ltr'><strong>Empedocle,</strong></span> <span class='ocrx_word' id='word_1_47' title='bbox 487 264 546 310; x_wconf 92' lang='lat' dir='ltr'><strong>qui</strong></span> <span class='ocrx_word' id='word_1_48' title='bbox 582 263 714 299; x_wconf 88' lang='lat' dir='ltr'><strong>animos</strong></span> <span class='ocrx_word' id='word_1_49' title='bbox 747 262 928 300; x_wconf 90' lang='lat' dir='ltr'><strong>hominum</strong></span> <span class='ocrx_word' id='word_1_50' title='bbox 961 263 1047 300; x_wconf 90' lang='lat' dir='ltr'>nihil</span> <span class='ocrx_word' id='word_1_51' title='bbox 1074 263 1164 300; x_wconf 85' lang='lat' dir='ltr'><strong>aliud</strong></span> <span class='ocrx_word' id='word_1_52' title='bbox 1190 274 1265 300; x_wconf 89' lang='lat' dir='ltr'><strong>esse</strong></span> <span class='ocrx_word' id='word_1_53' title='bbox 1291 264 1425 307; x_wconf 79' lang='lat' dir='ltr'><strong>statuit,</strong></span> <span class='ocrx_word' id='word_1_54' title='bbox 1453 274 1556 311; x_wconf 86' lang='lat' dir='ltr'><strong>quam</strong></span> <span class='ocrx_word' id='word_1_55' title='bbox 1581 262 1713 313; x_wconf 78' lang='lat' dir='ltr'><strong>genios,</strong></span> <span class='ocrx_word' id='word_1_56' title='bbox 1734 262 1789 313; x_wconf 47' lang='lat' dir='ltr'><strong>4ng-</strong></span> 
     </span>
     <span class='ocr_line' id='line_1_12' title="bbox 112 319 1726 368; baseline -0.001 -11"><span class='ocrx_word' id='word_1_57' title='bbox 112 322 173 368; x_wconf 91' lang='lat' dir='ltr'><strong>qui</strong></span> <span class='ocrx_word' id='word_1_58' title='bbox 199 322 339 367; x_wconf 89' lang='lat' dir='ltr'><strong>quidem</strong></span> <span class='ocrx_word' id='word_1_59' title='bbox 377 321 516 368; x_wconf 88' lang='lat' dir='ltr'><strong>longam</strong></span> <span class='ocrx_word' id='word_1_60' title='bbox 547 322 656 357; x_wconf 89' lang='lat' dir='ltr'><strong>sortiti</strong></span> <span class='ocrx_word' id='word_1_61' title='bbox 682 322 788 357; x_wconf 89' lang='lat' dir='ltr'><strong>vitam</strong></span> <span class='ocrx_word' id='word_1_62' title='bbox 814 333 854 357; x_wconf 82' lang='lat' dir='ltr'><strong>ex</strong></span> <span class='ocrx_word' id='word_1_63' title='bbox 888 322 1027 367; x_wconf 88' lang='lat' dir='ltr'><strong>antiquo</strong></span> <span class='ocrx_word' id='word_1_64' title='bbox 1059 323 1202 357; x_wconf 90' lang='lat' dir='ltr'><strong>deorum</strong></span> <span class='ocrx_word' id='word_1_65' title='bbox 1233 322 1368 357; x_wconf 89' lang='lat' dir='ltr'><strong>decreto</strong></span> <span class='ocrx_word' id='word_1_66' title='bbox 1403 321 1519 368; x_wconf 88' lang='lat' dir='ltr'><strong>procul</strong></span> <span class='ocrx_word' id='word_1_67' title='bbox 1555 332 1575 356; x_wconf 90' lang='lat' dir='ltr'><strong>a</strong></span> <span class='ocrx_word' id='word_1_68' title='bbox 1606 319 1726 357; x_wconf 85' lang='lat' dir='ltr'><strong>beatis-</strong></span> 
     </span>
     <span class='ocr_line' id='line_1_13' title="bbox 117 375 1765 432; baseline 0.002 -19"><span class='ocrx_word' id='word_1_69' title='bbox 117 377 209 426; x_wconf 62' lang='lat'>„1929</span> <span class='ocrx_word' id='word_1_70' title='bbox 233 375 355 426; x_wconf 85' lang='grc' dir='ltr'><em>μυρίας</em></span> <span class='ocrx_word' id='word_1_71' title='bbox 389 376 498 423; x_wconf 57' lang='grc' dir='ltr'><em>ὥρας*</em></span> <span class='ocrx_word' id='word_1_72' title='bbox 537 379 691 415; x_wconf 86' lang='lat' dir='ltr'><strong>exsulent</strong></span> <span class='ocrx_word' id='word_1_73' title='bbox 707 380 745 423; x_wconf 87' lang='lat'><strong>¹).</strong></span> <span class='ocrx_word' id='word_1_74' title='bbox 795 380 851 415; x_wconf 90' lang='lat' dir='ltr'><strong>Ab</strong></span> <span class='ocrx_word' id='word_1_75' title='bbox 886 379 1007 415; x_wconf 89' lang='lat' dir='ltr'><strong>eodem</strong></span> <span class='ocrx_word' id='word_1_76' title='bbox 1040 378 1250 426; x_wconf 82' lang='lat' dir='ltr'><strong>Empedocle</strong></span> <span class='ocrx_word' id='word_1_77' title='bbox 1284 379 1476 426; x_wconf 87' lang='lat' dir='ltr'><strong>profectum</strong></span> <span class='ocrx_word' id='word_1_78' title='bbox 1511 389 1586 415; x_wconf 86' lang='lat' dir='ltr'><strong>esse</strong></span> <span class='ocrx_word' id='word_1_79' title='bbox 1620 378 1720 425; x_wconf 85' lang='lat' dir='ltr'><strong>puto,</strong></span> <span class='ocrx_word' id='word_1_80' title='bbox 1757 371 1793 432; x_wconf 47' lang='grc' dir='ltr'><strong>’ξ’</strong></span> 
     </span>
     <span class='ocr_line' id='line_1_14' title="bbox 95 435 1749 483; baseline -0.001 -10"><span class='ocrx_word' id='word_1_81' title='bbox 95 449 97 452; x_wconf 92' lang='grc'><strong><em>·</em></strong></span> <span class='ocrx_word' id='word_1_82' title='bbox 113 437 205 482; x_wconf 86' lang='lat' dir='ltr'><strong>quod</strong></span> <span class='ocrx_word' id='word_1_83' title='bbox 231 437 381 482; x_wconf 87' lang='lat' dir='ltr'><strong>corporis</strong></span> <span class='ocrx_word' id='word_1_84' title='bbox 407 440 546 472; x_wconf 88' lang='lat' dir='ltr'><strong>cunctas</strong></span> <span class='ocrx_word' id='word_1_85' title='bbox 563 438 705 472; x_wconf 89' lang='lat' dir='ltr'><strong>virtutes</strong></span> <span class='ocrx_word' id='word_1_86' title='bbox 723 438 873 483; x_wconf 88' lang='lat' dir='ltr'><strong>corporis</strong></span> <span class='ocrx_word' id='word_1_87' title='bbox 890 439 1046 472; x_wconf 86' lang='lat' dir='ltr'><strong>naturam</strong></span> <span class='ocrx_word' id='word_1_88' title='bbox 1065 437 1172 482; x_wconf 89' lang='lat' dir='ltr'><strong>sequi,</strong></span> <span class='ocrx_word' id='word_1_89' title='bbox 1199 437 1292 472; x_wconf 90' lang='lat' dir='ltr'><strong>brevi</strong></span> <span class='ocrx_word' id='word_1_90' title='bbox 1307 436 1420 479; x_wconf 81' lang='lat' dir='ltr'>dilabi,</span> <span class='ocrx_word' id='word_1_91' title='bbox 1448 439 1539 472; x_wconf 84' lang='lat' dir='ltr'><strong>ortas</strong></span> <span class='ocrx_word' id='word_1_92' title='bbox 1557 435 1715 472; x_wconf 79' lang='lat' dir='ltr'><strong>occidere</strong></span> <span class='ocrx_word' id='word_1_93' title='bbox 1742 466 1749 478; x_wconf 69' lang='grc'><strong>,</strong></span> 
     </span>
     <span class='ocr_line' id='line_1_15' title="bbox 100 487 1801 540; baseline 0 -12"><span class='ocrx_word' id='word_1_94' title='bbox 100 495 148 528; x_wconf 83' lang='lat' dir='ltr'><strong>et</strong></span> <span class='ocrx_word' id='word_1_95' title='bbox 173 495 290 529; x_wconf 89' lang='lat' dir='ltr'><strong>auctas</strong></span> <span class='ocrx_word' id='word_1_96' title='bbox 316 504 493 529; x_wconf 79' lang='lat' dir='ltr'><strong>senescere</strong></span> <span class='ocrx_word' id='word_1_97' title='bbox 519 494 602 528; x_wconf 87' lang='lat' dir='ltr'><strong>dicit</strong></span> <span class='ocrx_word' id='word_1_98' title='bbox 627 494 718 540; x_wconf 84' lang='lat' dir='ltr'><strong>(lug.</strong></span> <span class='ocrx_word' id='word_1_99' title='bbox 737 494 770 536; x_wconf 82' lang='lat'><strong>2,</strong></span> <span class='ocrx_word' id='word_1_100' title='bbox 801 495 830 530; x_wconf 90' lang='lat'><strong>1.</strong></span> <span class='ocrx_word' id='word_1_101' title='bbox 858 495 906 538; x_wconf 84' lang='lat'><strong>2).</strong></span> <span class='ocrx_word' id='word_1_102' title='bbox 950 493 985 528; x_wconf 90' lang='lat' dir='ltr'><strong>Is</strong></span> <span class='ocrx_word' id='word_1_103' title='bbox 1010 493 1099 528; x_wconf 92' lang='lat' dir='ltr'><strong>enim</strong></span> <span class='ocrx_word' id='word_1_104' title='bbox 1128 494 1294 540; x_wconf 87' lang='lat' dir='ltr'><strong>(prooem.</strong></span> <span class='ocrx_word' id='word_1_105' title='bbox 1313 505 1343 528; x_wconf 90' lang='lat' dir='ltr'><strong>v.</strong></span> <span class='ocrx_word' id='word_1_106' title='bbox 1365 494 1406 529; x_wconf 83' lang='lat'><strong>17</strong></span> <span class='ocrx_word' id='word_1_107' title='bbox 1427 493 1493 540; x_wconf 89' lang='lat' dir='ltr'><strong>sq.)</strong></span> <span class='ocrx_word' id='word_1_108' title='bbox 1520 504 1556 529; x_wconf 86' lang='lat' dir='ltr'><strong>se</strong></span> <span class='ocrx_word' id='word_1_109' title='bbox 1581 492 1716 529; x_wconf 80' lang='lat' dir='ltr'><strong>flevisse</strong></span> <span class='ocrx_word' id='word_1_110' title='bbox 1784 487 1801 535; x_wconf 49' lang='lat' dir='ltr'><em>J</em></span> 
     </span>
     <span class='ocr_line' id='line_1_16' title="bbox 114 545 1716 597; baseline -0.001 -10"><span class='ocrx_word' id='word_1_111' title='bbox 114 552 149 587; x_wconf 86' lang='lat' dir='ltr'><strong>et</strong></span> <span class='ocrx_word' id='word_1_112' title='bbox 174 550 318 586; x_wconf 86' lang='lat' dir='ltr'><strong>eiulasse</strong></span> <span class='ocrx_word' id='word_1_113' title='bbox 345 551 427 586; x_wconf 89' lang='lat' dir='ltr'><strong>dicit</strong></span> <span class='ocrx_word' id='word_1_114' title='bbox 452 551 624 587; x_wconf 82' lang='lat' dir='ltr'><strong>insolitam</strong></span> <span class='ocrx_word' id='word_1_115' title='bbox 651 552 769 587; x_wconf 92' lang='lat' dir='ltr'><strong>sedem</strong></span> <span class='ocrx_word' id='word_1_116' title='bbox 794 551 1045 597; x_wconf 88' lang='lat' dir='ltr'><strong>conspicatum,</strong></span> <span class='ocrx_word' id='word_1_117' title='bbox 1085 551 1144 586; x_wconf 90' lang='lat' dir='ltr'><strong>ubi</strong></span> <span class='ocrx_word' id='word_1_118' title='bbox 1175 552 1253 587; x_wconf 86' lang='lat' dir='ltr'><strong>tetri</strong></span> <span class='ocrx_word' id='word_1_119' title='bbox 1287 551 1397 586; x_wconf 89' lang='lat' dir='ltr'><strong>morbi</strong></span> <span class='ocrx_word' id='word_1_120' title='bbox 1431 554 1465 586; x_wconf 91' lang='lat' dir='ltr'><strong>et</strong></span> <span class='ocrx_word' id='word_1_121' title='bbox 1499 550 1657 597; x_wconf 86' lang='lat' dir='ltr'><strong>contagia</strong></span> <span class='ocrx_word' id='word_1_122' title='bbox 1681 545 1716 585; x_wconf 68' lang='lat' dir='ltr'><strong>efi</strong></span> 
     </span>
     <span class='ocr_line' id='line_1_17' title="bbox 115 607 1713 654; baseline 0 -12"><span class='ocrx_word' id='word_1_123' title='bbox 115 618 220 653; x_wconf 88' lang='lat' dir='ltr'><strong>opera</strong></span> <span class='ocrx_word' id='word_1_124' title='bbox 246 608 345 651; x_wconf 83' lang='lat' dir='ltr'><strong>fluxa,</strong></span> <span class='ocrx_word' id='word_1_125' title='bbox 373 609 475 644; x_wconf 82' lang='lat' dir='ltr'><strong>Ortus</strong></span> <span class='ocrx_word' id='word_1_126' title='bbox 501 612 535 643; x_wconf 87' lang='lat' dir='ltr'><strong>et</strong></span> <span class='ocrx_word' id='word_1_127' title='bbox 560 608 738 644; x_wconf 84' lang='lat' dir='ltr'><strong>Interitus:</strong></span> <span class='ocrx_word' id='word_1_128' title='bbox 798 607 955 654; x_wconf 81' lang='lat' dir='ltr'><strong>„Duplex</strong></span> <span class='ocrx_word' id='word_1_129' title='bbox 986 608 1078 643; x_wconf 89' lang='lat' dir='ltr'><strong>enim</strong></span> <span class='ocrx_word' id='word_1_130' title='bbox 1104 611 1156 644; x_wconf 89' lang='lat' dir='ltr'><strong>est</strong></span> <span class='ocrx_word' id='word_1_131' title='bbox 1189 609 1220 644; x_wconf 91' lang='lat' dir='ltr'><strong>ei</strong></span> <span class='ocrx_word' id='word_1_132' title='bbox 1247 608 1443 644; x_wconf 77' lang='lat' dir='ltr'><strong>mortalium</strong></span> <span class='ocrx_word' id='word_1_133' title='bbox 1468 619 1584 644; x_wconf 90' lang='lat' dir='ltr'><strong>rerum</strong></span> <span class='ocrx_word' id='word_1_134' title='bbox 1610 608 1713 650; x_wconf 88' lang='lat' dir='ltr'><strong>ortus,</strong></span> 
     </span>
     <span class='ocr_line' id='line_1_18' title="bbox 113 664 1716 713; baseline 0 -13"><span class='ocrx_word' id='word_1_135' title='bbox 113 664 239 711; x_wconf 86' lang='lat' dir='ltr'><strong>duplex</strong></span> <span class='ocrx_word' id='word_1_136' title='bbox 264 665 349 701; x_wconf 90' lang='lat' dir='ltr'><strong>item</strong></span> <span class='ocrx_word' id='word_1_137' title='bbox 374 666 551 702; x_wconf 88' lang='lat' dir='ltr'><strong>interitus:</strong></span> <span class='ocrx_word' id='word_1_138' title='bbox 579 666 675 701; x_wconf 90' lang='lat' dir='ltr'><strong>illum</strong></span> <span class='ocrx_word' id='word_1_139' title='bbox 701 666 792 701; x_wconf 90' lang='lat' dir='ltr'><strong>enim</strong></span> <span class='ocrx_word' id='word_1_140' title='bbox 819 666 928 701; x_wconf 89' lang='lat' dir='ltr'><strong>coitus</strong></span> <span class='ocrx_word' id='word_1_141' title='bbox 953 665 1106 701; x_wconf 91' lang='lat' dir='ltr'><strong>omnium</strong></span> <span class='ocrx_word' id='word_1_142' title='bbox 1131 665 1243 713; x_wconf 85' lang='lat' dir='ltr'><strong>gignit</strong></span> <span class='ocrx_word' id='word_1_143' title='bbox 1276 668 1310 702; x_wconf 93' lang='lat' dir='ltr'><strong>et</strong></span> <span class='ocrx_word' id='word_1_144' title='bbox 1344 665 1474 712; x_wconf 83' lang='lat' dir='ltr'><strong>perdit,</strong></span> <span class='ocrx_word' id='word_1_145' title='bbox 1509 664 1566 701; x_wconf 90' lang='lat' dir='ltr'><strong>hic</strong></span> <span class='ocrx_word' id='word_1_146' title='bbox 1598 674 1716 701; x_wconf 85' lang='lat' dir='ltr'><strong>rursus</strong></span> 
     </span>
     <span class='ocr_line' id='line_1_19' title="bbox 113 720 1713 770; baseline -0.001 -12"><span class='ocrx_word' id='word_1_147' title='bbox 113 725 231 759; x_wconf 88' lang='lat' dir='ltr'><strong>auctus</strong></span> <span class='ocrx_word' id='word_1_148' title='bbox 257 723 434 769; x_wconf 87' lang='lat' dir='ltr'><strong>diremptis</strong></span> <span class='ocrx_word' id='word_1_149' title='bbox 460 725 569 759; x_wconf 87' lang='lat' dir='ltr'><strong>isdem</strong></span> <span class='ocrx_word' id='word_1_150' title='bbox 594 724 765 770; x_wconf 89' lang='lat' dir='ltr'><strong>rumpitur</strong></span> <span class='ocrx_word' id='word_1_151' title='bbox 789 735 829 759; x_wconf 85' lang='lat' dir='ltr'><strong>ac</strong></span> <span class='ocrx_word' id='word_1_152' title='bbox 854 723 997 759; x_wconf 85' lang='lat' dir='ltr'><strong>dissilit“</strong></span> <span class='ocrx_word' id='word_1_153' title='bbox 1027 723 1167 769; x_wconf 85' lang='lat' dir='ltr'><strong>(phisic.</strong></span> <span class='ocrx_word' id='word_1_154' title='bbox 1202 723 1224 759; x_wconf 91' lang='lat' dir='ltr'><strong>l.</strong></span> <span class='ocrx_word' id='word_1_155' title='bbox 1259 723 1276 758; x_wconf 93' lang='lat' dir='ltr'>I</span> <span class='ocrx_word' id='word_1_156' title='bbox 1309 735 1338 758; x_wconf 92' lang='lat' dir='ltr'><strong>v.</strong></span> <span class='ocrx_word' id='word_1_157' title='bbox 1366 724 1412 758; x_wconf 90' lang='lat'><strong>64</strong></span> <span class='ocrx_word' id='word_1_158' title='bbox 1446 733 1497 768; x_wconf 92' lang='lat' dir='ltr'><strong>sq.</strong></span> <span class='ocrx_word' id='word_1_159' title='bbox 1524 720 1713 765; x_wconf 86' lang='lat' dir='ltr'><strong>Mullach.).</strong></span> 
     </span>
     <span class='ocr_line' id='line_1_20' title="bbox 114 778 1715 827; baseline -0.001 -12"><span class='ocrx_word' id='word_1_160' title='bbox 114 780 282 815; x_wconf 88' lang='lat' dir='ltr'><strong>Animum</strong></span> <span class='ocrx_word' id='word_1_161' title='bbox 308 782 423 816; x_wconf 88' lang='lat' dir='ltr'><strong>autem</strong></span> <span class='ocrx_word' id='word_1_162' title='bbox 450 781 696 826; x_wconf 89' lang='lat' dir='ltr'><strong>incorruptum,</strong></span> <span class='ocrx_word' id='word_1_163' title='bbox 723 783 912 823; x_wconf 88' lang='lat' dir='ltr'><strong>aeternum,</strong></span> <span class='ocrx_word' id='word_1_164' title='bbox 940 781 1080 826; x_wconf 89' lang='lat' dir='ltr'><strong>eiusque</strong></span> <span class='ocrx_word' id='word_1_165' title='bbox 1098 780 1237 827; x_wconf 84' lang='lat' dir='ltr'><strong>egregia</strong></span> <span class='ocrx_word' id='word_1_166' title='bbox 1254 780 1402 815; x_wconf 84' lang='lat' dir='ltr'><strong>facinora</strong></span> <span class='ocrx_word' id='word_1_167' title='bbox 1419 778 1624 822; x_wconf 74' lang='lat' dir='ltr'><strong>immortalia</strong></span> <span class='ocrx_word' id='word_1_168' title='bbox 1640 789 1715 814; x_wconf 87' lang='lat' dir='ltr'><strong>esse</strong></span> 
     </span>
     <span class='ocr_line' id='line_1_21' title="bbox 114 836 1717 885; baseline -0.001 -12"><span class='ocrx_word' id='word_1_169' title='bbox 114 849 156 873; x_wconf 86' lang='lat' dir='ltr'><strong>ex</strong></span> <span class='ocrx_word' id='word_1_170' title='bbox 182 837 235 881; x_wconf 86' lang='lat' dir='ltr'><strong>iis,</strong></span> <span class='ocrx_word' id='word_1_171' title='bbox 263 848 350 884; x_wconf 88' lang='lat' dir='ltr'><strong>quae</strong></span> <span class='ocrx_word' id='word_1_172' title='bbox 377 849 479 885; x_wconf 89' lang='lat' dir='ltr'><strong>supra</strong></span> <span class='ocrx_word' id='word_1_173' title='bbox 504 849 545 874; x_wconf 87' lang='lat' dir='ltr'><strong>ex</strong></span> <span class='ocrx_word' id='word_1_174' title='bbox 571 838 790 885; x_wconf 80' lang='lat' dir='ltr'><strong>Empedoclis</strong></span> <span class='ocrx_word' id='word_1_175' title='bbox 816 839 952 885; x_wconf 90' lang='lat' dir='ltr'><strong>scriptis</strong></span> <span class='ocrx_word' id='word_1_176' title='bbox 979 838 1086 882; x_wconf 88' lang='lat' dir='ltr'><strong>attuli,</strong></span> <span class='ocrx_word' id='word_1_177' title='bbox 1123 838 1220 875; x_wconf 86' lang='lat' dir='ltr'><strong>facile</strong></span> <span class='ocrx_word' id='word_1_178' title='bbox 1247 838 1425 885; x_wconf 77' lang='lat' dir='ltr'><strong>colligitur.</strong></span> <span class='ocrx_word' id='word_1_179' title='bbox 1477 836 1575 882; x_wconf 84' lang='lat' dir='ltr'><strong>Quod</strong></span> <span class='ocrx_word' id='word_1_180' title='bbox 1600 838 1717 873; x_wconf 82' lang='lat' dir='ltr'><strong>autem</strong></span> 
     </span>
     <span class='ocr_line' id='line_1_22' title="bbox 114 894 1715 944; baseline 0 -14"><span class='ocrx_word' id='word_1_181' title='bbox 114 895 267 931; x_wconf 88' lang='lat' dir='ltr'><strong>animum</strong></span> <span class='ocrx_word' id='word_1_182' title='bbox 294 899 463 931; x_wconf 89' lang='lat' dir='ltr'><strong>rectorem</strong></span> <span class='ocrx_word' id='word_1_183' title='bbox 489 897 572 932; x_wconf 91' lang='lat' dir='ltr'><strong>dicit</strong></span> <span class='ocrx_word' id='word_1_184' title='bbox 596 897 732 943; x_wconf 87' lang='lat' dir='ltr'><strong>generis</strong></span> <span class='ocrx_word' id='word_1_185' title='bbox 757 897 917 940; x_wconf 89' lang='lat' dir='ltr'><strong>humani,</strong></span> <span class='ocrx_word' id='word_1_186' title='bbox 958 897 1016 943; x_wconf 91' lang='lat' dir='ltr'><strong>qui</strong></span> <span class='ocrx_word' id='word_1_187' title='bbox 1052 898 1123 944; x_wconf 84' lang='lat' dir='ltr'><strong>agit</strong></span> <span class='ocrx_word' id='word_1_188' title='bbox 1157 900 1192 932; x_wconf 89' lang='lat' dir='ltr'><strong>et</strong></span> <span class='ocrx_word' id='word_1_189' title='bbox 1225 896 1330 932; x_wconf 90' lang='lat' dir='ltr'><strong>habet</strong></span> <span class='ocrx_word' id='word_1_190' title='bbox 1363 897 1483 931; x_wconf 86' lang='lat' dir='ltr'><strong>cuncta</strong></span> <span class='ocrx_word' id='word_1_191' title='bbox 1507 905 1618 941; x_wconf 86' lang='lat' dir='ltr'><strong>neque</strong></span> <span class='ocrx_word' id='word_1_192' title='bbox 1643 894 1715 940; x_wconf 87' lang='lat' dir='ltr'><strong>ipse</strong></span> 
     </span>
     <span class='ocr_line' id='line_1_23' title="bbox 114 953 1389 1000; baseline 0 -12"><span class='ocrx_word' id='word_1_193' title='bbox 114 953 269 996; x_wconf 88' lang='lat' dir='ltr'><strong>habetur,</strong></span> <span class='ocrx_word' id='word_1_194' title='bbox 296 954 364 989; x_wconf 87' lang='lat' dir='ltr'><strong>iam</strong></span> <span class='ocrx_word' id='word_1_195' title='bbox 391 954 524 989; x_wconf 88' lang='lat' dir='ltr'><strong>Stoicos</strong></span> <span class='ocrx_word' id='word_1_196' title='bbox 549 954 775 1000; x_wconf 87' lang='lat' dir='ltr'><strong>philosophos</strong></span> <span class='ocrx_word' id='word_1_197' title='bbox 802 965 881 990; x_wconf 90' lang='lat' dir='ltr'><strong>eum</strong></span> <span class='ocrx_word' id='word_1_198' title='bbox 907 957 1062 990; x_wconf 87' lang='lat' dir='ltr'><strong>secutum</strong></span> <span class='ocrx_word' id='word_1_199' title='bbox 1088 965 1160 990; x_wconf 91' lang='lat' dir='ltr'><strong>esse</strong></span> <span class='ocrx_word' id='word_1_200' title='bbox 1186 954 1389 1000; x_wconf 81' lang='lat' dir='ltr'><strong>putaverim.</strong></span> 
     </span>
    </p>

    <p class='ocr_par' dir='ltr' id='par_1_5' title="bbox 113 1009 1718 1462">
     <span class='ocr_line' id='line_1_24' title="bbox 229 1009 1716 1059; baseline 0 -13"><span class='ocrx_word' id='word_1_201' title='bbox 229 1009 318 1055; x_wconf 88' lang='lat' dir='ltr'><strong>Quid</strong></span> <span class='ocrx_word' id='word_1_202' title='bbox 342 1013 458 1047; x_wconf 85' lang='lat' dir='ltr'><strong>autem</strong></span> <span class='ocrx_word' id='word_1_203' title='bbox 484 1012 533 1048; x_wconf 90' lang='lat' dir='ltr'><strong>de</strong></span> <span class='ocrx_word' id='word_1_204' title='bbox 560 1012 692 1049; x_wconf 90' lang='lat' dir='ltr'><strong>rebus</strong></span> <span class='ocrx_word' id='word_1_205' title='bbox 718 1015 819 1059; x_wconf 88' lang='lat' dir='ltr'><strong>post</strong></span> <span class='ocrx_word' id='word_1_206' title='bbox 853 1015 1038 1049; x_wconf 85' lang='lat' dir='ltr'><strong>mortem</strong></span> <span class='ocrx_word' id='word_1_207' title='bbox 1064 1012 1232 1048; x_wconf 89' lang='lat' dir='ltr'><strong>futuris</strong></span> <span class='ocrx_word' id='word_1_208' title='bbox 1269 1011 1413 1048; x_wconf 87' lang='lat' dir='ltr'><strong>senserit</strong></span> <span class='ocrx_word' id='word_1_209' title='bbox 1447 1010 1613 1047; x_wconf 82' lang='lat' dir='ltr'><strong>Salustius</strong></span> <span class='ocrx_word' id='word_1_210' title='bbox 1646 1020 1716 1046; x_wconf 90' lang='lat' dir='ltr'><strong>non</strong></span> 
     </span>
     <span class='ocr_line' id='line_1_25' title="bbox 115 1066 1717 1116; baseline -0.001 -13"><span class='ocrx_word' id='word_1_211' title='bbox 115 1071 170 1103; x_wconf 89' lang='lat' dir='ltr'><strong>est</strong></span> <span class='ocrx_word' id='word_1_212' title='bbox 194 1069 293 1104; x_wconf 83' lang='lat' dir='ltr'><strong>facile</strong></span> <span class='ocrx_word' id='word_1_213' title='bbox 318 1068 577 1114; x_wconf 78' lang='lat' dir='ltr'><strong>explicandum3</strong></span> <span class='ocrx_word' id='word_1_214' title='bbox 604 1071 670 1105; x_wconf 91' lang='lat' dir='ltr'><strong>nisi</strong></span> <span class='ocrx_word' id='word_1_215' title='bbox 696 1071 788 1116; x_wconf 92' lang='lat' dir='ltr'><strong>quod</strong></span> <span class='ocrx_word' id='word_1_216' title='bbox 813 1081 831 1105; x_wconf 93' lang='lat' dir='ltr'><strong>e</strong></span> <span class='ocrx_word' id='word_1_217' title='bbox 858 1070 994 1106; x_wconf 80' lang='lat' dir='ltr'><strong>Catonis</strong></span> <span class='ocrx_word' id='word_1_218' title='bbox 1021 1069 1183 1116; x_wconf 61' lang='grc'><strong>(06152,</strong></span> <span class='ocrx_word' id='word_1_219' title='bbox 1201 1071 1269 1113; x_wconf 86' lang='lat'><strong>13),</strong></span> <span class='ocrx_word' id='word_1_220' title='bbox 1297 1069 1362 1105; x_wconf 83' lang='lat' dir='ltr'><strong>alia</strong></span> <span class='ocrx_word' id='word_1_221' title='bbox 1387 1068 1530 1104; x_wconf 89' lang='lat' dir='ltr'><strong>dicentis</strong></span> <span class='ocrx_word' id='word_1_222' title='bbox 1555 1078 1594 1103; x_wconf 91' lang='lat' dir='ltr'><strong>ac</strong></span> <span class='ocrx_word' id='word_1_223' title='bbox 1611 1066 1717 1113; x_wconf 87' lang='lat' dir='ltr'><strong>signi-</strong></span> 
     </span>
     <span class='ocr_line' id='line_1_26' title="bbox 113 1123 1716 1175; baseline 0 -15"><span class='ocrx_word' id='word_1_224' title='bbox 113 1125 248 1161; x_wconf 88' lang='lat' dir='ltr'><strong>ficantis</strong></span> <span class='ocrx_word' id='word_1_225' title='bbox 275 1125 544 1171; x_wconf 84' lang='lat' dir='ltr'><strong>dissimilatione,</strong></span> <span class='ocrx_word' id='word_1_226' title='bbox 573 1138 677 1173; x_wconf 88' lang='lat' dir='ltr'><strong>quam</strong></span> <span class='ocrx_word' id='word_1_227' title='bbox 704 1128 824 1164; x_wconf 86' lang='lat' dir='ltr'><strong>Graeci</strong></span> <span class='ocrx_word' id='word_1_228' title='bbox 849 1124 1021 1175; x_wconf 83' lang='grc' dir='ltr'><em>εἰρωνείαν</em></span> <span class='ocrx_word' id='word_1_229' title='bbox 1039 1130 1172 1170; x_wconf 86' lang='lat' dir='ltr'><strong>vocant,</strong></span> <span class='ocrx_word' id='word_1_230' title='bbox 1199 1129 1232 1163; x_wconf 88' lang='lat' dir='ltr'><strong>et</strong></span> <span class='ocrx_word' id='word_1_231' title='bbox 1256 1127 1417 1173; x_wconf 86' lang='lat' dir='ltr'><strong>gravibus</strong></span> <span class='ocrx_word' id='word_1_232' title='bbox 1452 1127 1569 1161; x_wconf 91' lang='lat' dir='ltr'><strong>contra</strong></span> <span class='ocrx_word' id='word_1_233' title='bbox 1594 1123 1716 1161; x_wconf 83' lang='lat' dir='ltr'><strong>Gaesa-</strong></span> 
     </span>
     <span class='ocr_line' id='line_1_27' title="bbox 116 1182 1717 1233; baseline 0 -15"><span class='ocrx_word' id='word_1_234' title='bbox 116 1193 192 1219; x_wconf 86' lang='lat' dir='ltr'><strong>rem</strong></span> <span class='ocrx_word' id='word_1_235' title='bbox 217 1183 417 1229; x_wconf 89' lang='lat' dir='ltr'><strong>pontificem</strong></span> <span class='ocrx_word' id='word_1_236' title='bbox 444 1185 632 1220; x_wconf 87' lang='lat' dir='ltr'><strong>maximum</strong></span> <span class='ocrx_word' id='word_1_237' title='bbox 659 1186 773 1221; x_wconf 90' lang='lat' dir='ltr'><strong>verbis</strong></span> <span class='ocrx_word' id='word_1_238' title='bbox 799 1185 896 1221; x_wconf 88' lang='lat' dir='ltr'><strong>facile</strong></span> <span class='ocrx_word' id='word_1_239' title='bbox 922 1184 1101 1233; x_wconf 79' lang='lat' dir='ltr'><strong>collegeris</strong></span> <span class='ocrx_word' id='word_1_240' title='bbox 1126 1184 1250 1221; x_wconf 89' lang='lat' dir='ltr'><strong>Salusti</strong></span> <span class='ocrx_word' id='word_1_241' title='bbox 1276 1184 1480 1220; x_wconf 84' lang='lat' dir='ltr'><strong>sententiam</strong></span> <span class='ocrx_word' id='word_1_242' title='bbox 1496 1183 1598 1230; x_wconf 88' lang='lat' dir='ltr'><strong>longe</strong></span> <span class='ocrx_word' id='word_1_243' title='bbox 1615 1182 1717 1218; x_wconf 87' lang='lat' dir='ltr'><strong>aliam</strong></span> 
     </span>
     <span class='ocr_line' id='line_1_28' title="bbox 115 1239 1718 1289; baseline -0.001 -13"><span class='ocrx_word' id='word_1_244' title='bbox 115 1240 220 1276; x_wconf 87' lang='lat' dir='ltr'><strong>fuisse</strong></span> <span class='ocrx_word' id='word_1_245' title='bbox 247 1252 285 1276; x_wconf 91' lang='lat' dir='ltr'><strong>ac</strong></span> <span class='ocrx_word' id='word_1_246' title='bbox 311 1240 466 1277; x_wconf 84' lang='lat' dir='ltr'><strong>Caesaris</strong></span> <span class='ocrx_word' id='word_1_247' title='bbox 493 1241 819 1289; x_wconf 85' lang='lat' dir='ltr'><strong>Epicureorumque,</strong></span> <span class='ocrx_word' id='word_1_248' title='bbox 847 1254 994 1289; x_wconf 91' lang='lat' dir='ltr'><strong>eumque</strong></span> <span class='ocrx_word' id='word_1_249' title='bbox 1019 1244 1061 1279; x_wconf 90' lang='lat' dir='ltr'><strong>ab</strong></span> <span class='ocrx_word' id='word_1_250' title='bbox 1086 1242 1316 1289; x_wconf 84' lang='lat' dir='ltr'><strong>Empedoclea</strong></span> <span class='ocrx_word' id='word_1_251' title='bbox 1341 1240 1561 1288; x_wconf 79' lang='lat' dir='ltr'><strong>philosophia</strong></span> <span class='ocrx_word' id='word_1_252' title='bbox 1585 1239 1718 1287; x_wconf 84' lang='lat' dir='ltr'><strong>profec-</strong></span> 
     </span>
     <span class='ocr_line' id='line_1_29' title="bbox 114 1296 1718 1346; baseline 0 -13"><span class='ocrx_word' id='word_1_253' title='bbox 114 1301 188 1333; x_wconf 90' lang='lat' dir='ltr'><strong>tum</strong></span> <span class='ocrx_word' id='word_1_254' title='bbox 214 1298 353 1345; x_wconf 88' lang='lat' dir='ltr'><strong>propius</strong></span> <span class='ocrx_word' id='word_1_255' title='bbox 378 1299 421 1334; x_wconf 89' lang='lat' dir='ltr'><strong>ad</strong></span> <span class='ocrx_word' id='word_1_256' title='bbox 447 1299 639 1336; x_wconf 87' lang='lat' dir='ltr'><strong>Stoicorum</strong></span> <span class='ocrx_word' id='word_1_257' title='bbox 665 1301 871 1336; x_wconf 83' lang='lat' dir='ltr'><strong>sententiam</strong></span> <span class='ocrx_word' id='word_1_258' title='bbox 908 1301 1100 1336; x_wconf 87' lang='lat' dir='ltr'><strong>accessisse.</strong></span> <span class='ocrx_word' id='word_1_259' title='bbox 1151 1300 1378 1346; x_wconf 87' lang='lat' dir='ltr'><strong>Empedocles</strong></span> <span class='ocrx_word' id='word_1_260' title='bbox 1412 1299 1503 1335; x_wconf 92' lang='lat' dir='ltr'><strong>enim</strong></span> <span class='ocrx_word' id='word_1_261' title='bbox 1537 1310 1557 1334; x_wconf 88' lang='lat' dir='ltr'><strong>a</strong></span> <span class='ocrx_word' id='word_1_262' title='bbox 1589 1296 1718 1334; x_wconf 87' lang='lat' dir='ltr'><strong>malitia</strong></span> 
     </span>
     <span class='ocr_line' id='line_1_30' title="bbox 114 1355 1717 1404; baseline 0 -13"><span class='ocrx_word' id='word_1_263' title='bbox 114 1355 234 1392; x_wconf 85' lang='lat' dir='ltr'><strong>morali</strong></span> <span class='ocrx_word' id='word_1_264' title='bbox 282 1357 453 1393; x_wconf 87' lang='lat' dir='ltr'><strong>abstinere</strong></span> <span class='ocrx_word' id='word_1_265' title='bbox 491 1358 586 1394; x_wconf 90' lang='lat' dir='ltr'><strong>iubet</strong></span> <span class='ocrx_word' id='word_1_266' title='bbox 620 1358 795 1402; x_wconf 89' lang='lat' dir='ltr'><strong>homines,</strong></span> <span class='ocrx_word' id='word_1_267' title='bbox 843 1359 1004 1404; x_wconf 88' lang='lat' dir='ltr'><strong>quoniam</strong></span> <span class='ocrx_word' id='word_1_268' title='bbox 1039 1359 1097 1404; x_wconf 92' lang='lat' dir='ltr'><strong>qui</strong></span> <span class='ocrx_word' id='word_1_269' title='bbox 1132 1358 1237 1394; x_wconf 86' lang='lat' dir='ltr'><strong>feroci</strong></span> <span class='ocrx_word' id='word_1_270' title='bbox 1270 1358 1485 1404; x_wconf 84' lang='lat' dir='ltr'><strong>improbitate</strong></span> <span class='ocrx_word' id='word_1_271' title='bbox 1520 1356 1717 1399; x_wconf 84' lang='lat' dir='ltr'><strong>erraverint,</strong></span> 
     </span>
     <span class='ocr_line' id='line_1_31' title="bbox 114 1408 1715 1462; baseline 0 -14"><span class='ocrx_word' id='word_1_272' title='bbox 114 1424 291 1459; x_wconf 88' lang='lat' dir='ltr'><strong>nunquam</strong></span> <span class='ocrx_word' id='word_1_273' title='bbox 317 1414 360 1449; x_wconf 88' lang='lat' dir='ltr'><strong>ab</strong></span> <span class='ocrx_word' id='word_1_274' title='bbox 385 1415 495 1450; x_wconf 84' lang='lat' dir='ltr'><strong>anxiis</strong></span> <span class='ocrx_word' id='word_1_275' title='bbox 522 1415 793 1462; x_wconf 82' lang='lat' dir='ltr'><strong>aegritudinibus</strong></span> <span class='ocrx_word' id='word_1_276' title='bbox 810 1416 1026 1462; x_wconf 86' lang='lat' dir='ltr'><strong>requiescent</strong></span> <span class='ocrx_word' id='word_1_277' title='bbox 1041 1415 1080 1458; x_wconf 79' lang='lat'><strong>²),</strong></span> <span class='ocrx_word' id='word_1_278' title='bbox 1107 1416 1214 1451; x_wconf 89' lang='lat' dir='ltr'><strong>bonos</strong></span> <span class='ocrx_word' id='word_1_279' title='bbox 1232 1418 1345 1451; x_wconf 91' lang='lat' dir='ltr'><strong>autem</strong></span> <span class='ocrx_word' id='word_1_280' title='bbox 1364 1416 1481 1451; x_wconf 88' lang='lat' dir='ltr'><strong>beatos</strong></span> <span class='ocrx_word' id='word_1_281' title='bbox 1500 1414 1571 1450; x_wconf 84' lang='lat' dir='ltr'><strong>fore</strong></span> <span class='ocrx_word' id='word_1_282' title='bbox 1588 1408 1715 1460; x_wconf 79' lang='lat' dir='ltr'><strong>di‘eit&#39;⁸).</strong></span> 
     </span>
    </p>

    <p class='ocr_par' dir='ltr' id='par_1_6' title="bbox 112 1470 1817 1865">
     <span class='ocr_line' id='line_1_32' title="bbox 230 1470 1717 1519; baseline -0.001 -13"><span class='ocrx_word' id='word_1_283' title='bbox 230 1470 338 1507; x_wconf 85' lang='lat' dir='ltr'><strong>Stoici</strong></span> <span class='ocrx_word' id='word_1_284' title='bbox 365 1474 479 1508; x_wconf 90' lang='lat' dir='ltr'><strong>autem</strong></span> <span class='ocrx_word' id='word_1_285' title='bbox 504 1472 704 1519; x_wconf 89' lang='lat' dir='ltr'><strong>philosophi</strong></span> <span class='ocrx_word' id='word_1_286' title='bbox 740 1484 814 1509; x_wconf 85' lang='lat' dir='ltr'><strong>esse</strong></span> <span class='ocrx_word' id='word_1_287' title='bbox 844 1474 971 1509; x_wconf 78' lang='lat' dir='ltr'><strong>inferos</strong></span> <span class='ocrx_word' id='word_1_288' title='bbox 997 1474 1185 1509; x_wconf 86' lang='lat' dir='ltr'><strong>docuerunt</strong></span> <span class='ocrx_word' id='word_1_289' title='bbox 1215 1476 1249 1508; x_wconf 88' lang='lat' dir='ltr'><strong>et</strong></span> <span class='ocrx_word' id='word_1_290' title='bbox 1282 1474 1379 1508; x_wconf 91' lang='lat' dir='ltr'><strong>sedes</strong></span> <span class='ocrx_word' id='word_1_291' title='bbox 1412 1473 1546 1518; x_wconf 87' lang='lat' dir='ltr'><strong>piorum</strong></span> <span class='ocrx_word' id='word_1_292' title='bbox 1579 1471 1621 1506; x_wconf 87' lang='lat' dir='ltr'><strong>ab</strong></span> <span class='ocrx_word' id='word_1_293' title='bbox 1654 1470 1717 1505; x_wconf 90' lang='lat' dir='ltr'><strong>im-</strong></span> 
     </span>
     <span class='ocr_line' id='line_1_33' title="bbox 118 1528 1715 1577; baseline 0 -14"><span class='ocrx_word' id='word_1_294' title='bbox 118 1528 185 1574; x_wconf 83' lang='lat' dir='ltr'><strong>piis</strong></span> <span class='ocrx_word' id='word_1_295' title='bbox 211 1531 371 1571; x_wconf 88' lang='lat' dir='ltr'><strong>secretas,</strong></span> <span class='ocrx_word' id='word_1_296' title='bbox 398 1531 432 1565; x_wconf 90' lang='lat' dir='ltr'><strong>et</strong></span> <span class='ocrx_word' id='word_1_297' title='bbox 456 1528 532 1565; x_wconf 90' lang='lat' dir='ltr'><strong>illos</strong></span> <span class='ocrx_word' id='word_1_298' title='bbox 558 1530 697 1576; x_wconf 88' lang='lat' dir='ltr'><strong>quidem</strong></span> <span class='ocrx_word' id='word_1_299' title='bbox 725 1530 858 1576; x_wconf 87' lang='lat' dir='ltr'><strong>quietas</strong></span> <span class='ocrx_word' id='word_1_300' title='bbox 884 1533 918 1566; x_wconf 92' lang='lat' dir='ltr'><strong>et</strong></span> <span class='ocrx_word' id='word_1_301' title='bbox 944 1530 1161 1566; x_wconf 71' lang='lat' dir='ltr'><strong>delectabiles</strong></span> <span class='ocrx_word' id='word_1_302' title='bbox 1187 1530 1343 1577; x_wconf 86' lang='lat' dir='ltr'><strong>regiones</strong></span> <span class='ocrx_word' id='word_1_303' title='bbox 1368 1529 1526 1571; x_wconf 84' lang='lat' dir='ltr'><strong>incolere,</strong></span> <span class='ocrx_word' id='word_1_304' title='bbox 1553 1528 1617 1564; x_wconf 89' lang='lat' dir='ltr'><strong>hos</strong></span> <span class='ocrx_word' id='word_1_305' title='bbox 1635 1538 1715 1564; x_wconf 85' lang='lat' dir='ltr'><strong>vero</strong></span> 
     </span>
     <span class='ocr_line' id='line_1_34' title="bbox 113 1584 1717 1635; baseline 0.001 -15"><span class='ocrx_word' id='word_1_306' title='bbox 113 1584 207 1622; x_wconf 89' lang='lat' dir='ltr'><strong>luere</strong></span> <span class='ocrx_word' id='word_1_307' title='bbox 233 1596 359 1631; x_wconf 88' lang='lat' dir='ltr'><strong>poenas</strong></span> <span class='ocrx_word' id='word_1_308' title='bbox 385 1586 420 1621; x_wconf 91' lang='lat' dir='ltr'><strong>in</strong></span> <span class='ocrx_word' id='word_1_309' title='bbox 445 1588 634 1623; x_wconf 88' lang='lat' dir='ltr'><strong>tenebrosis</strong></span> <span class='ocrx_word' id='word_1_310' title='bbox 661 1587 745 1623; x_wconf 89' lang='lat' dir='ltr'><strong>locis</strong></span> <span class='ocrx_word' id='word_1_311' title='bbox 773 1591 875 1634; x_wconf 84' lang='lat' dir='ltr'><strong>atque</strong></span> <span class='ocrx_word' id='word_1_312' title='bbox 900 1589 935 1623; x_wconf 91' lang='lat' dir='ltr'><strong>in</strong></span> <span class='ocrx_word' id='word_1_313' title='bbox 961 1588 1056 1624; x_wconf 88' lang='lat' dir='ltr'><strong>coeni</strong></span> <span class='ocrx_word' id='word_1_314' title='bbox 1082 1588 1302 1635; x_wconf 86' lang='lat' dir='ltr'><strong>voraginibus</strong></span> <span class='ocrx_word' id='word_1_315' title='bbox 1326 1587 1508 1623; x_wconf 89' lang='lat' dir='ltr'><strong>horrendis</strong></span> <span class='ocrx_word' id='word_1_316' title='bbox 1544 1585 1603 1633; x_wconf 87' lang='lat' dir='ltr'><strong>(cf.</strong></span> <span class='ocrx_word' id='word_1_317' title='bbox 1633 1585 1717 1621; x_wconf 89' lang='lat' dir='ltr'><strong>Lac-</strong></span> 
     </span>
     <span class='ocr_line' id='line_1_35' title="bbox 113 1642 1715 1691; baseline 0 -13"><span class='ocrx_word' id='word_1_318' title='bbox 113 1644 196 1678; x_wconf 87' lang='lat' dir='ltr'><strong>tant.</strong></span> <span class='ocrx_word' id='word_1_319' title='bbox 224 1642 312 1686; x_wconf 89' lang='lat' dir='ltr'><strong>VH.,</strong></span> <span class='ocrx_word' id='word_1_320' title='bbox 341 1644 372 1686; x_wconf 88' lang='lat'><strong>7,</strong></span> <span class='ocrx_word' id='word_1_321' title='bbox 400 1644 448 1689; x_wconf 87' lang='lat'><strong>3).</strong></span> <span class='ocrx_word' id='word_1_322' title='bbox 501 1644 569 1680; x_wconf 89' lang='lat' dir='ltr'><strong>Sed</strong></span> <span class='ocrx_word' id='word_1_323' title='bbox 595 1656 673 1680; x_wconf 89' lang='lat' dir='ltr'><strong>cum</strong></span> <span class='ocrx_word' id='word_1_324' title='bbox 699 1646 846 1681; x_wconf 90' lang='lat' dir='ltr'><strong>eundem</strong></span> <span class='ocrx_word' id='word_1_325' title='bbox 872 1645 1054 1688; x_wconf 86' lang='lat' dir='ltr'><strong>Catonem,</strong></span> <span class='ocrx_word' id='word_1_326' title='bbox 1082 1646 1140 1691; x_wconf 90' lang='lat' dir='ltr'><strong>qui</strong></span> <span class='ocrx_word' id='word_1_327' title='bbox 1170 1645 1256 1680; x_wconf 89' lang='lat' dir='ltr'><strong>haec</strong></span> <span class='ocrx_word' id='word_1_328' title='bbox 1282 1646 1355 1682; x_wconf 89' lang='lat' dir='ltr'><strong>fere</strong></span> <span class='ocrx_word' id='word_1_329' title='bbox 1379 1646 1559 1691; x_wconf 85' lang='lat' dir='ltr'><strong>praecepta</strong></span> <span class='ocrx_word' id='word_1_330' title='bbox 1584 1643 1715 1679; x_wconf 90' lang='lat' dir='ltr'><strong>Stoico-</strong></span> 
     </span>
     <span class='ocr_line' id='line_1_36' title="bbox 113 1700 1717 1751; baseline 0.001 -16"><span class='ocrx_word' id='word_1_331' title='bbox 113 1711 191 1736; x_wconf 89' lang='lat' dir='ltr'><strong>rum</strong></span> <span class='ocrx_word' id='word_1_332' title='bbox 205 1703 322 1737; x_wconf 88' lang='lat' dir='ltr'><strong>contra</strong></span> <span class='ocrx_word' id='word_1_333' title='bbox 340 1701 520 1739; x_wconf 85' lang='lat' dir='ltr'><strong>Caesarem</strong></span> <span class='ocrx_word' id='word_1_334' title='bbox 537 1703 734 1750; x_wconf 82' lang='lat' dir='ltr'><strong>protulisset</strong></span> <span class='ocrx_word' id='word_1_335' title='bbox 742 1703 783 1751; x_wconf 82' lang='lat'><strong>⁴),</strong></span> <span class='ocrx_word' id='word_1_336' title='bbox 804 1706 985 1750; x_wconf 85' lang='lat' dir='ltr'><strong>antequam</strong></span> <span class='ocrx_word' id='word_1_337' title='bbox 1002 1704 1067 1740; x_wconf 91' lang='lat' dir='ltr'><strong>sibi</strong></span> <span class='ocrx_word' id='word_1_338' title='bbox 1084 1705 1232 1740; x_wconf 86' lang='lat' dir='ltr'><strong>mortem</strong></span> <span class='ocrx_word' id='word_1_339' title='bbox 1246 1703 1481 1747; x_wconf 86' lang='lat' dir='ltr'><strong>conscisceret,</strong></span> <span class='ocrx_word' id='word_1_340' title='bbox 1508 1703 1547 1739; x_wconf 93' lang='lat' dir='ltr'><strong>ut</strong></span> <span class='ocrx_word' id='word_1_341' title='bbox 1564 1700 1717 1738; x_wconf 89' lang='lat' dir='ltr'><strong>animum</strong></span> 
     </span>
     <span class='ocr_line' id='line_1_37' title="bbox 112 1759 1712 1808; baseline 0 -13"><span class='ocrx_word' id='word_1_342' title='bbox 112 1759 342 1796; x_wconf 86' lang='lat' dir='ltr'><strong>immortalem</strong></span> <span class='ocrx_word' id='word_1_343' title='bbox 368 1772 442 1797; x_wconf 91' lang='lat' dir='ltr'><strong>esse</strong></span> <span class='ocrx_word' id='word_1_344' title='bbox 468 1762 532 1797; x_wconf 89' lang='lat' dir='ltr'><strong>sibi</strong></span> <span class='ocrx_word' id='word_1_345' title='bbox 558 1763 791 1808; x_wconf 81' lang='lat' dir='ltr'><strong>persuaderet,</strong></span> <span class='ocrx_word' id='word_1_346' title='bbox 819 1762 970 1798; x_wconf 86' lang='lat' dir='ltr'><strong>Platonis</strong></span> <span class='ocrx_word' id='word_1_347' title='bbox 989 1762 1210 1798; x_wconf 89' lang='lat' dir='ltr'><strong>Phaedonem</strong></span> <span class='ocrx_word' id='word_1_348' title='bbox 1235 1762 1358 1808; x_wconf 84' lang='lat' dir='ltr'><strong>legisse</strong></span> <span class='ocrx_word' id='word_1_349' title='bbox 1385 1763 1597 1807; x_wconf 87' lang='lat' dir='ltr'><strong>compertum</strong></span> <span class='ocrx_word' id='word_1_350' title='bbox 1622 1759 1712 1805; x_wconf 80' lang='lat' dir='ltr'><strong>sit⁵)‚</strong></span> 
     </span>
     <span class='ocr_line' id='line_1_38' title="bbox 112 1811 1817 1865; baseline 0.001 -12"><span class='ocrx_word' id='word_1_351' title='bbox 112 1818 282 1864; x_wconf 88' lang='lat' dir='ltr'><strong>numquid</strong></span> <span class='ocrx_word' id='word_1_352' title='bbox 307 1819 432 1854; x_wconf 90' lang='lat' dir='ltr'><strong>mirum</strong></span> <span class='ocrx_word' id='word_1_353' title='bbox 459 1820 487 1854; x_wconf 90' lang='lat' dir='ltr'><strong>si</strong></span> <span class='ocrx_word' id='word_1_354' title='bbox 514 1819 683 1855; x_wconf 86' lang='lat' dir='ltr'><strong>Salustius</strong></span> <span class='ocrx_word' id='word_1_355' title='bbox 710 1820 751 1855; x_wconf 90' lang='lat' dir='ltr'><strong>de</strong></span> <span class='ocrx_word' id='word_1_356' title='bbox 777 1820 846 1855; x_wconf 88' lang='lat' dir='ltr'><strong>vita</strong></span> <span class='ocrx_word' id='word_1_357' title='bbox 871 1822 949 1865; x_wconf 90' lang='lat' dir='ltr'><strong>post</strong></span> <span class='ocrx_word' id='word_1_358' title='bbox 974 1822 1120 1855; x_wconf 89' lang='lat' dir='ltr'><strong>mortem</strong></span> <span class='ocrx_word' id='word_1_359' title='bbox 1145 1819 1258 1854; x_wconf 80' lang='lat' dir='ltr'><strong>futura</strong></span> <span class='ocrx_word' id='word_1_360' title='bbox 1284 1822 1340 1855; x_wconf 84' lang='lat' dir='ltr'><strong>aut</strong></span> <span class='ocrx_word' id='word_1_361' title='bbox 1366 1830 1434 1855; x_wconf 91' lang='lat' dir='ltr'><strong>non</strong></span> <span class='ocrx_word' id='word_1_362' title='bbox 1460 1818 1590 1861; x_wconf 89' lang='lat' dir='ltr'><strong>habuit,</strong></span> <span class='ocrx_word' id='word_1_363' title='bbox 1625 1818 1717 1865; x_wconf 89' lang='lat' dir='ltr'><strong>quod</strong></span> <span class='ocrx_word' id='word_1_364' title='bbox 1759 1836 1762 1840; x_wconf 40' lang='grc' dir='ltr'><em>ν</em></span> <span class='ocrx_word' id='word_1_365' title='bbox 1813 1811 1817 1815; x_wconf 61' lang='grc'><strong><em>’</em></strong></span> 
     </span>
    </p>
   </div>
   <div class='ocr_carea' id='block_1_5' title="bbox 113 1882 341 1886">
    <p class='ocr_par' dir='ltr' id='par_1_7' title="bbox 113 1882 341 1886">
     <span class='ocr_line' id='line_1_39' title="bbox 113 1882 341 1886; baseline 0 0"><span class='ocrx_word' id='word_1_366' title='bbox 113 1882 341 1886; x_wconf 95' lang='lat' dir='ltr'><strong> </strong></span> 
     </span>
    </p>
   </div>
   <div class='ocr_carea' id='block_1_6' title="bbox 110 1914 1826 2579">
    <p class='ocr_par' dir='ltr' id='par_1_8' title="bbox 110 1914 1826 2579">
     <span class='ocr_line' id='line_1_40' title="bbox 231 1914 1146 1953; baseline 0 -9"><span class='ocrx_word' id='word_1_367' title='bbox 231 1915 253 1951; x_wconf 86' lang='lat'><strong>²)</strong></span> <span class='ocrx_word' id='word_1_368' title='bbox 275 1914 351 1944; x_wconf 91' lang='lat' dir='ltr'><strong>conf.</strong></span> <span class='ocrx_word' id='word_1_369' title='bbox 373 1915 514 1952; x_wconf 84' lang='lat' dir='ltr'><strong>prooemii</strong></span> <span class='ocrx_word' id='word_1_370' title='bbox 535 1924 579 1945; x_wconf 81' lang='lat' dir='ltr'><strong>vv.</strong></span> <span class='ocrx_word' id='word_1_371' title='bbox 603 1916 685 1953; x_wconf 87' lang='lat'><strong>1—8,</strong></span> <span class='ocrx_word' id='word_1_372' title='bbox 708 1915 814 1953; x_wconf 80' lang='lat' dir='ltr'><strong>quibus</strong></span> <span class='ocrx_word' id='word_1_373' title='bbox 834 1915 970 1953; x_wconf 83' lang='lat' dir='ltr'><strong>adiungit</strong></span> <span class='ocrx_word' id='word_1_374' title='bbox 990 1924 1015 1946; x_wconf 87' lang='lat' dir='ltr'><strong>v.</strong></span> <span class='ocrx_word' id='word_1_375' title='bbox 1037 1917 1063 1946; x_wconf 91' lang='lat'><strong>9.</strong></span> <span class='ocrx_word' id='word_1_376' title='bbox 1088 1922 1146 1953; x_wconf 80' lang='lat' dir='ltr'><strong>sq.:</strong></span> 
     </span>
     <span class='ocr_line' id='line_1_41' title="bbox 458 1960 1388 2011; baseline 0 -14"><span class='ocrx_word' id='word_1_377' title='bbox 458 1963 503 2005; x_wconf 76' lang='grc' dir='ltr'><strong>ιῦς</strong></span> <span class='ocrx_word' id='word_1_378' title='bbox 528 1961 585 1998; x_wconf 79' lang='grc' dir='ltr'><em>καὶ</em></span> <span class='ocrx_word' id='word_1_379' title='bbox 611 1961 676 2009; x_wconf 61' lang='grc' dir='ltr'><strong>ἐγώ</strong></span> <span class='ocrx_word' id='word_1_380' title='bbox 701 1964 760 1998; x_wconf 88' lang='grc' dir='ltr'><em>νῦν</em></span> <span class='ocrx_word' id='word_1_381' title='bbox 784 1960 855 2008; x_wconf 83' lang='grc' dir='ltr'><em>εἶμι</em></span> <span class='ocrx_word' id='word_1_382' title='bbox 881 1964 991 2011; x_wconf 76' lang='grc' dir='ltr'><em>φυγὰς</em></span> <span class='ocrx_word' id='word_1_383' title='bbox 1016 1964 1151 2004; x_wconf 76' lang='grc' dir='ltr'><em>θεόθεν</em></span> <span class='ocrx_word' id='word_1_384' title='bbox 1176 1963 1233 1999; x_wconf 84' lang='grc' dir='ltr'><em>καὶ</em></span> <span class='ocrx_word' id='word_1_385' title='bbox 1258 1963 1388 2011; x_wconf 79' lang='grc' dir='ltr'><em>α’λήτης</em></span> 
     </span>
     <span class='ocr_line' id='line_1_42' title="bbox 456 2017 963 2068; baseline 0.004 -13"><span class='ocrx_word' id='word_1_386' title='bbox 456 2017 558 2056; x_wconf 85' lang='grc' dir='ltr'><em>νείκει</em></span> <span class='ocrx_word' id='word_1_387' title='bbox 582 2018 780 2068; x_wconf 80' lang='grc' dir='ltr'><em>μαινομένῳ</em></span> <span class='ocrx_word' id='word_1_388' title='bbox 806 2017 963 2064; x_wconf 79' lang='grc' dir='ltr'><em>πίσυνος.</em></span> 
     </span>
     <span class='ocr_line' id='line_1_43' title="bbox 228 2077 1245 2127; baseline 0.009 -21"><span class='ocrx_word' id='word_1_389' title='bbox 228 2078 253 2114; x_wconf 77' lang='lat'><strong>²)</strong></span> <span class='ocrx_word' id='word_1_390' title='bbox 274 2077 309 2108; x_wconf 88' lang='lat' dir='ltr'><strong>V.</strong></span> <span class='ocrx_word' id='word_1_391' title='bbox 330 2080 389 2109; x_wconf 80' lang='lat'><strong>454</strong></span> <span class='ocrx_word' id='word_1_392' title='bbox 409 2087 471 2115; x_wconf 86' lang='lat' dir='ltr'><strong>sqq.</strong></span> <span class='ocrx_word' id='word_1_393' title='bbox 492 2078 578 2108; x_wconf 87' lang='lat' dir='ltr'><strong>Mull.</strong></span> <span class='ocrx_word' id='word_1_394' title='bbox 600 2093 636 2102; x_wconf 88' lang='lat'><strong>=</strong></span> <span class='ocrx_word' id='word_1_395' title='bbox 657 2079 690 2108; x_wconf 90' lang='lat' dir='ltr'><strong>B.</strong></span> <span class='ocrx_word' id='word_1_396' title='bbox 712 2079 769 2109; x_wconf 85' lang='lat'><strong>434</strong></span> <span class='ocrx_word' id='word_1_397' title='bbox 790 2079 818 2109; x_wconf 85' lang='lat' dir='ltr'><strong>ff.</strong></span> <span class='ocrx_word' id='word_1_398' title='bbox 840 2080 1023 2127; x_wconf 82' lang='grc' dir='ltr'><em>νηστεῦσαι</em></span> <span class='ocrx_word' id='word_1_399' title='bbox 1049 2079 1245 2127; x_wconf 77' lang='grc' dir='ltr'><strong><em>κακότητος,</em></strong></span> 
     </span>
     <span class='ocr_line' id='line_1_44' title="bbox 455 2136 1242 2185; baseline 0.003 -15"><span class='ocrx_word' id='word_1_400' title='bbox 455 2136 631 2183; x_wconf 81' lang='grc' dir='ltr'><em>τοιγάρτοι</em></span> <span class='ocrx_word' id='word_1_401' title='bbox 655 2136 847 2184; x_wconf 67' lang='grc' dir='ltr'><em>χαλεπῗσιν</em></span> <span class='ocrx_word' id='word_1_402' title='bbox 873 2136 1034 2179; x_wconf 76' lang='grc' dir='ltr'><em>ἀλύοντες</em></span> <span class='ocrx_word' id='word_1_403' title='bbox 1059 2137 1242 2185; x_wconf 85' lang='grc' dir='ltr'><em>κακότησιν</em></span> 
     </span>
     <span class='ocr_line' id='line_1_45' title="bbox 457 2189 1270 2243; baseline 0.002 -15"><span class='ocrx_word' id='word_1_404' title='bbox 457 2189 591 2228; x_wconf 69' lang='grc' dir='ltr'><em>οῧποτε</em></span> <span class='ocrx_word' id='word_1_405' title='bbox 616 2190 778 2229; x_wconf 81' lang='grc' dir='ltr'><em>δειλαίων</em></span> <span class='ocrx_word' id='word_1_406' title='bbox 804 2192 915 2239; x_wconf 74' lang='grc' dir='ltr'><em>α’χὲων</em></span> <span class='ocrx_word' id='word_1_407' title='bbox 940 2194 1120 2243; x_wconf 81' lang='grc' dir='ltr'><em>λωφήσετε</em></span> <span class='ocrx_word' id='word_1_408' title='bbox 1145 2194 1270 2240; x_wconf 78' lang='grc' dir='ltr'><em>θυμόν.</em></span> 
     </span>
     <span class='ocr_line' id='line_1_46' title="bbox 227 2249 1820 2301; baseline 0.004 -21"><span class='ocrx_word' id='word_1_409' title='bbox 227 2251 251 2288; x_wconf 80' lang='lat'><strong>³)</strong></span> <span class='ocrx_word' id='word_1_410' title='bbox 273 2251 382 2281; x_wconf 83' lang='lat' dir='ltr'><strong>Euseb.</strong></span> <span class='ocrx_word' id='word_1_411' title='bbox 404 2260 506 2290; x_wconf 88' lang='lat' dir='ltr'><strong>praep.</strong></span> <span class='ocrx_word' id='word_1_412' title='bbox 528 2260 630 2289; x_wconf 81' lang='lat' dir='ltr'><strong>evang.</strong></span> <span class='ocrx_word' id='word_1_413' title='bbox 655 2253 700 2289; x_wconf 87' lang='grc'><strong>13,</strong></span> <span class='ocrx_word' id='word_1_414' title='bbox 723 2253 768 2290; x_wconf 87' lang='grc'><strong>13,</strong></span> <span class='ocrx_word' id='word_1_415' title='bbox 791 2253 829 2283; x_wconf 80' lang='lat'><strong>49</strong></span> <span class='ocrx_word' id='word_1_416' title='bbox 850 2261 877 2291; x_wconf 84' lang='lat' dir='ltr'><strong>p.</strong></span> <span class='ocrx_word' id='word_1_417' title='bbox 900 2252 956 2283; x_wconf 81' lang='lat'><strong>684</strong></span> <span class='ocrx_word' id='word_1_418' title='bbox 971 2252 1017 2283; x_wconf 87' lang='lat' dir='ltr'><strong>ed.</strong></span> <span class='ocrx_word' id='word_1_419' title='bbox 1038 2252 1144 2283; x_wconf 84' lang='lat' dir='ltr'><strong>Dind.:</strong></span> <span class='ocrx_word' id='word_1_420' title='bbox 1170 2249 1212 2301; x_wconf 79' lang='grc' dir='ltr'><em>ἢν</em></span> <span class='ocrx_word' id='word_1_421' title='bbox 1230 2251 1268 2288; x_wconf 81' lang='grc' dir='ltr'><strong>δὲ</strong></span> <span class='ocrx_word' id='word_1_422' title='bbox 1285 2249 1389 2296; x_wconf 81' lang='grc' dir='ltr'><em>ὁσίως</em></span> <span class='ocrx_word' id='word_1_423' title='bbox 1406 2249 1463 2288; x_wconf 81' lang='grc' dir='ltr'><em>καί</em></span> <span class='ocrx_word' id='word_1_424' title='bbox 1480 2250 1619 2295; x_wconf 79' lang='grc' dir='ltr'><em>δικαίως</em></span> <span class='ocrx_word' id='word_1_425' title='bbox 1636 2251 1716 2287; x_wconf 83' lang='grc' dir='ltr'><em>δια-</em></span> <span class='ocrx_word' id='word_1_426' title='bbox 1817 2297 1820 2299; x_wconf 15' lang='grc' dir='ltr'><em>Ἴ</em></span> 
     </span>
     <span class='ocr_line' id='line_1_47' title="bbox 113 2300 1826 2359; baseline -0.001 -14"><span class='ocrx_word' id='word_1_427' title='bbox 113 2309 308 2355; x_wconf 79' lang='grc' dir='ltr'><em>βιώσωμεν,</em></span> <span class='ocrx_word' id='word_1_428' title='bbox 340 2310 501 2357; x_wconf 84' lang='grc' dir='ltr'><em>μακάριοι</em></span> <span class='ocrx_word' id='word_1_429' title='bbox 528 2309 591 2356; x_wconf 78' lang='grc' dir='ltr'><em>μὲν</em></span> <span class='ocrx_word' id='word_1_430' title='bbox 616 2308 782 2355; x_wconf 76' lang='grc' dir='ltr'><em>ἐνταῦθα,</em></span> <span class='ocrx_word' id='word_1_431' title='bbox 816 2310 1067 2358; x_wconf 81' lang='grc' dir='ltr'><em>μακαριώτεροι</em></span> <span class='ocrx_word' id='word_1_432' title='bbox 1093 2309 1131 2346; x_wconf 83' lang='grc' dir='ltr'><strong>δὲ</strong></span> <span class='ocrx_word' id='word_1_433' title='bbox 1156 2312 1245 2356; x_wconf 83' lang='grc' dir='ltr'><em>μετὰ</em></span> <span class='ocrx_word' id='word_1_434' title='bbox 1269 2311 1331 2359; x_wconf 70' lang='grc' dir='ltr'><em>τήν</em></span> <span class='ocrx_word' id='word_1_435' title='bbox 1348 2309 1493 2347; x_wconf 74' lang='grc' dir='ltr'><em>ἐνθένδε</em></span> <span class='ocrx_word' id='word_1_436' title='bbox 1512 2309 1717 2358; x_wconf 71' lang='grc' dir='ltr'><em>ἀπαλλαγήν</em></span> <span class='ocrx_word' id='word_1_437' title='bbox 1737 2348 1740 2351; x_wconf 52' lang='grc'><strong>,</strong></span> <span class='ocrx_word' id='word_1_438' title='bbox 1780 2334 1782 2336; x_wconf 65' lang='grc'><em>»</em></span> <span class='ocrx_word' id='word_1_439' title='bbox 1809 2300 1826 2337; x_wconf 61' lang='lat' dir='ltr'><strong>i?</strong></span> 
     </span>
     <span class='ocr_line' id='line_1_48' title="bbox 111 2365 1823 2416; baseline 0 -13"><span class='ocrx_word' id='word_1_440' title='bbox 111 2367 152 2403; x_wconf 78' lang='grc' dir='ltr'><em>οὐ</em></span> <span class='ocrx_word' id='word_1_441' title='bbox 176 2367 286 2415; x_wconf 78' lang='grc' dir='ltr'><em>χρόνῳ</em></span> <span class='ocrx_word' id='word_1_442' title='bbox 312 2366 380 2403; x_wconf 84' lang='grc' dir='ltr'><em>τινὶ</em></span> <span class='ocrx_word' id='word_1_443' title='bbox 404 2368 467 2416; x_wconf 78' lang='grc' dir='ltr'><em>τήν</em></span> <span class='ocrx_word' id='word_1_444' title='bbox 492 2365 715 2414; x_wconf 79' lang='grc' dir='ltr'><em>εὐδαιμονίαν</em></span> <span class='ocrx_word' id='word_1_445' title='bbox 740 2366 885 2413; x_wconf 73' lang='grc' dir='ltr'><em>ἔχοντες,</em></span> <span class='ocrx_word' id='word_1_446' title='bbox 922 2368 998 2403; x_wconf 81' lang='grc' dir='ltr'><strong><em>ἀλλ’</em></strong></span> <span class='ocrx_word' id='word_1_447' title='bbox 1029 2367 1066 2403; x_wconf 78' lang='grc' dir='ltr'><em>ἐν</em></span> <span class='ocrx_word' id='word_1_448' title='bbox 1091 2366 1189 2404; x_wconf 75' lang='grc' dir='ltr'><em>αἰῶνι</em></span> <span class='ocrx_word' id='word_1_449' title='bbox 1224 2369 1497 2405; x_wconf 71' lang='grc' dir='ltr'><em>ἀναπαύσεσθαι</em></span> <span class='ocrx_word' id='word_1_450' title='bbox 1523 2367 1715 2413; x_wconf 82' lang='grc' dir='ltr'><em>δυνάμενοι,</em></span> <span class='ocrx_word' id='word_1_451' title='bbox 1821 2408 1823 2410; x_wconf 49' lang='grc'><strong>,</strong></span> 
     </span>
     <span class='ocr_line' id='line_1_49' title="bbox 110 2422 1716 2474; baseline 0 -13"><span class='ocrx_word' id='word_1_452' title='bbox 110 2426 308 2469; x_wconf 76' lang='grc' dir='ltr'><em>α’θανάτοις</em></span> <span class='ocrx_word' id='word_1_453' title='bbox 342 2422 479 2461; x_wconf 66' lang='grc' dir='ltr'><em>ἄλλοισι</em></span> <span class='ocrx_word' id='word_1_454' title='bbox 514 2423 681 2472; x_wconf 81' lang='grc' dir='ltr'><em>ὁμέστιοι,</em></span> <span class='ocrx_word' id='word_1_455' title='bbox 717 2426 936 2473; x_wconf 73' lang='grc' dir='ltr'><em>αὗτοτράπεζ</em></span> <span class='ocrx_word' id='word_1_456' title='bbox 937 2439 970 2461; x_wconf 95' lang='grc' dir='ltr'><em>οι</em></span> <span class='ocrx_word' id='word_1_457' title='bbox 1001 2425 1132 2471; x_wconf 79' lang='grc' dir='ltr'><em>ἐόντες,</em></span> <span class='ocrx_word' id='word_1_458' title='bbox 1168 2424 1330 2474; x_wconf 78' lang='grc' dir='ltr'><em>ἀνδρείων</em></span> <span class='ocrx_word' id='word_1_459' title='bbox 1363 2427 1492 2472; x_wconf 81' lang='grc' dir='ltr'><em>ἂχαιῶν</em></span> <span class='ocrx_word' id='word_1_460' title='bbox 1526 2424 1716 2472; x_wconf 83' lang='grc' dir='ltr'><em>ἀπόκληροι</em></span> 
     </span>
     <span class='ocr_line' id='line_1_50' title="bbox 112 2482 1664 2532; baseline -0.001 -14"><span class='ocrx_word' id='word_1_461' title='bbox 112 2484 269 2531; x_wconf 77' lang='grc' dir='ltr'><strong>ἀτειρεῖς,</strong></span> <span class='ocrx_word' id='word_1_462' title='bbox 296 2484 315 2530; x_wconf 77' lang='grc' dir='ltr'><em>ἦ</em></span> <span class='ocrx_word' id='word_1_463' title='bbox 343 2484 540 2531; x_wconf 78' lang='grc' dir='ltr'><em>φιλόσοφος</em></span> <span class='ocrx_word' id='word_1_464' title='bbox 566 2482 839 2528; x_wconf 76' lang='grc' dir='ltr'><em>Ἐμπεδοκλέους</em></span> <span class='ocrx_word' id='word_1_465' title='bbox 863 2482 952 2529; x_wconf 82' lang='grc' dir='ltr'><em>λέγει</em></span> <span class='ocrx_word' id='word_1_466' title='bbox 978 2484 1153 2532; x_wconf 68' lang='grc' dir='ltr'><em>ποιητική.</em></span> <span class='ocrx_word' id='word_1_467' title='bbox 1182 2484 1221 2514; x_wconf 81' lang='lat' dir='ltr'><strong>Cf.</strong></span> <span class='ocrx_word' id='word_1_468' title='bbox 1243 2493 1271 2521; x_wconf 84' lang='lat' dir='ltr'><strong>p.</strong></span> <span class='ocrx_word' id='word_1_469' title='bbox 1295 2484 1352 2515; x_wconf 84' lang='lat'><strong>19⁸.</strong></span> <span class='ocrx_word' id='word_1_470' title='bbox 1662 2514 1664 2516; x_wconf 90' lang='lat'><strong>.</strong></span> 
     </span>
     <span class='ocr_line' id='line_1_51' title="bbox 228 2539 1716 2579; baseline -0.001 -8"><span class='ocrx_word' id='word_1_471' title='bbox 228 2541 252 2578; x_wconf 85' lang='lat'><strong>⁴)</strong></span> <span class='ocrx_word' id='word_1_472' title='bbox 273 2540 335 2572; x_wconf 83' lang='lat' dir='ltr'><strong>Cat.</strong></span> <span class='ocrx_word' id='word_1_473' title='bbox 358 2542 403 2579; x_wconf 84' lang='lat'><strong>52,</strong></span> <span class='ocrx_word' id='word_1_474' title='bbox 426 2542 475 2573; x_wconf 89' lang='lat'><strong>13:</strong></span> <span class='ocrx_word' id='word_1_475' title='bbox 496 2541 612 2571; x_wconf 87' lang='lat' dir='ltr'><strong>divorso</strong></span> <span class='ocrx_word' id='word_1_476' title='bbox 633 2541 739 2571; x_wconf 89' lang='lat' dir='ltr'><strong>itinere</strong></span> <span class='ocrx_word' id='word_1_477' title='bbox 760 2542 853 2571; x_wconf 75' lang='lat' dir='ltr'><strong>malos</strong></span> <span class='ocrx_word' id='word_1_478' title='bbox 875 2550 893 2571; x_wconf 83' lang='lat' dir='ltr'><strong>a</strong></span> <span class='ocrx_word' id='word_1_479' title='bbox 913 2541 997 2572; x_wconf 85' lang='lat' dir='ltr'><strong>bonis</strong></span> <span class='ocrx_word' id='word_1_480' title='bbox 1017 2541 1084 2572; x_wconf 85' lang='lat' dir='ltr'><strong>loca</strong></span> <span class='ocrx_word' id='word_1_481' title='bbox 1110 2545 1208 2572; x_wconf 85' lang='lat' dir='ltr'><strong>taetra</strong></span> <span class='ocrx_word' id='word_1_482' title='bbox 1237 2542 1353 2573; x_wconf 82' lang='lat' dir='ltr'><strong>inculta</strong></span> <span class='ocrx_word' id='word_1_483' title='bbox 1381 2542 1470 2573; x_wconf 81' lang='lat' dir='ltr'><strong>foeda</strong></span> <span class='ocrx_word' id='word_1_484' title='bbox 1497 2543 1588 2578; x_wconf 84' lang='lat' dir='ltr'><strong>atque</strong></span> <span class='ocrx_word' id='word_1_485' title='bbox 1616 2539 1716 2571; x_wconf 82' lang='lat' dir='ltr'><strong>formi-</strong></span> 
     </span>
    </p>
   </div>
   <div class='ocr_carea' id='block_1_7' title="bbox 112 2589 1137 2677">
    <p class='ocr_par' dir='ltr' id='par_1_9' title="bbox 112 2589 1137 2677">
     <span class='ocr_line' id='line_1_52' title="bbox 112 2589 357 2621; baseline 0 0"><span class='ocrx_word' id='word_1_486' title='bbox 112 2589 218 2621; x_wconf 80' lang='lat' dir='ltr'><strong>dulosa</strong></span> <span class='ocrx_word' id='word_1_487' title='bbox 237 2590 357 2621; x_wconf 81' lang='lat' dir='ltr'><strong>habere.</strong></span> 
     </span>
     <span class='ocr_line' id='line_1_53' title="bbox 228 2637 1137 2677; baseline 0.001 -9"><span class='ocrx_word' id='word_1_488' title='bbox 228 2638 252 2675; x_wconf 77' lang='lat'><strong>⁶)</strong></span> <span class='ocrx_word' id='word_1_489' title='bbox 271 2637 374 2668; x_wconf 84' lang='lat' dir='ltr'><strong>Drum.</strong></span> <span class='ocrx_word' id='word_1_490' title='bbox 397 2637 461 2668; x_wconf 87' lang='lat' dir='ltr'><strong>HR.</strong></span> <span class='ocrx_word' id='word_1_491' title='bbox 476 2637 503 2667; x_wconf 91' lang='lat' dir='ltr'><strong>V</strong></span> <span class='ocrx_word' id='word_1_492' title='bbox 524 2646 551 2676; x_wconf 89' lang='lat' dir='ltr'><strong>p.</strong></span> <span class='ocrx_word' id='word_1_493' title='bbox 576 2638 630 2669; x_wconf 88' lang='lat'><strong>195</strong></span> <span class='ocrx_word' id='word_1_494' title='bbox 652 2646 693 2675; x_wconf 84' lang='lat' dir='ltr'><strong>sq.</strong></span> <span class='ocrx_word' id='word_1_495' title='bbox 716 2637 848 2669; x_wconf 75' lang='lat' dir='ltr'><strong>Dietsch.</strong></span> <span class='ocrx_word' id='word_1_496' title='bbox 871 2638 917 2669; x_wconf 87' lang='lat' dir='ltr'><strong>ad.</strong></span> <span class='ocrx_word' id='word_1_497' title='bbox 940 2638 1001 2669; x_wconf 82' lang='lat' dir='ltr'><strong>Cat.</strong></span> <span class='ocrx_word' id='word_1_498' title='bbox 1024 2639 1069 2677; x_wconf 82' lang='lat'><strong>52,</strong></span> <span class='ocrx_word' id='word_1_499' title='bbox 1092 2638 1137 2669; x_wconf 78' lang='lat'><strong>13.</strong></span> 
     </span>
    </p>
   </div>
  </div>
 </body>
</html>
