1835 2802
35 0 77 30 ,Ὗς-«ὴ
94 19 95 22 ,

11 56 28 81 f
122 46 170 85 12

0 82 57 112 {⁴³ss

121 154 165 189 ad
190 164 270 190 eum
295 153 500 200 pertinuisse
526 153 733 200 negaverim.
785 152 942 190 Accessit
974 153 1150 199 utriusque
1181 152 1371 189 litterarum
1404 152 1571 195 studium,
1609 149 1633 189 n

121 211 212 246 enim
238 211 397 246 Terentia
422 211 486 246 fuit
511 214 581 246 tam
607 222 728 246 aversa
752 223 772 246 a
796 211 919 253 Musis,
947 212 985 245 ut
1010 221 1078 245 non
1095 221 1155 256 per
1172 211 1339 255 quosdam
1355 209 1568 256 eloquentiae
1594 210 1733 256 gradus

121 268 217 314 quasi
254 267 491 304 devolveretur
527 279 635 314 usque
674 268 717 303 ad
750 268 879 304 Rufum
922 268 1063 303 barbare
1100 267 1298 314 loquentem
1336 266 1572 314 (Allobroga),
1611 271 1730 322 neque*

123 325 293 361 Salustius
319 326 354 361 in
382 326 535 361 Caesaris
561 326 709 372 negotiis
735 326 838 361 etiam
864 328 937 360 tum
963 326 1047 360 adeo
1087 326 1152 360 fuit
1185 328 1380 370 occupatus,
1419 327 1457 360 ut
1493 325 1648 360 nondum
1683 324 1719 360 in

120 383 223 419 rebus
260 384 368 430 gestis
405 383 593 419 scribendis
630 383 825 419 Terentiam
864 393 899 418 se
937 382 1084 418 multum
1122 384 1237 418 iuvare
1268 392 1370 428 posse
1400 378 1556 428 'speraret
1591 382 1728 428 (contra

120 440 265 476 Dietsch
291 440 372 486 l.l.).
424 441 492 476 Sed
529 450 613 476 num
652 444 730 476 ante
769 441 953 476 divortium
991 451 1065 476 rem
1101 440 1260 476 habuerit
1285 451 1363 475 cum
1390 440 1550 476 Terentia
1574 450 1642 475 non
1668 441 1721 476 est

121 498 345 544 exploratum.
386 498 503 535 Cicero
530 499 670 544 quidem
700 498 886 545 „optimam
912 501 946 533 et
971 498 1206 534 fidelissimam
1232 500 1395 533 uxorem“
1425 497 1508 533 dicit
1525 496 1719 533 Terentiam

125 555 183 600 (ad
198 556 260 600 Qu.
275 556 315 591 fr.
333 558 408 598 1,3,
419 557 458 602 3)
483 559 517 591 et
542 556 782 591 suavissimam
807 558 842 591 et
867 556 1118 602 optatissimam
1144 557 1202 599 (ad
1227 557 1308 591 fam.
1337 555 1391 597 14,
1418 556 1450 597 2,
1478 555 1537 600 2);
1564 555 1627 590 sed
1650 555 1732 590 iamv

50 619 53 622 ⁴
120 612 173 648 ΠΙ
198 613 319 648 Nonas
344 613 465 648 Junias
491 614 619 659 707147
648 614 690 648 ad
715 614 872 648 Atticum
899 615 970 658 (11,
1000 614 1058 657 16)
1084 613 1210 655 scribit,
1246 613 1400 648 auditum
1435 622 1510 647 esse
1536 622 1578 647 ex
1602 609 1719 646 Philo-

124 670 208 705 timo
235 681 311 705 eam
345 670 511 706 scelerate
536 672 705 716 quaedam
731 682 842 717 agere.
895 670 993 714 Quod
1027 671 1166 716 quidem
1192 670 1346 707 Ciceroni
1380 670 1435 705 vix
1461 669 1524 705 fuit
1548 668 1720 710 credibile,

121 728 182 762 sed
216 728 259 762 de
292 730 496 762 testamento
531 738 609 762 eam
643 728 831 762 admonuit.
890 728 1003 773 Magis
1038 728 1140 762 etiam
1174 728 1216 763 de
1247 739 1286 763 ea
1320 728 1487 773 queritur,
1527 726 1620 771 quod
1657 725 1721 761 sibi

125 796 288 831 „parvum
313 785 355 821 de
380 790 504 831 parvo“
535 785 719 821 detraxerit
745 785 806 832 (ad
832 785 905 821 Att.
934 785 990 827 11,
1017 785 1073 828 24,
1101 785 1141 820 3:
1183 784 1266 820 VIII
1290 784 1372 821 Idus
1397 784 1490 821 Sext.
1519 783 1647 830 707147
1674 783 1719 820 cf.

119 843 277 888 Metzger
302 844 344 877 ad
370 843 404 877 ll.
431 843 480 887 ll.)
509 846 544 878 et
569 844 611 878 de
638 843 834 878 testamenti
860 843 1155 889 obsignationibus
1180 843 1350 888 suspicata
1375 843 1436 884 sit,
1461 853 1540 877 cum
1557 842 1630 887 ipsa
1651 853 1719 876 non

120 901 235 935 minus
273 903 449 946 suspectos
487 899 681 936 adhibuerit
719 900 954 946 obsignatores
994 901 1050 945 (ad
1075 900 1150 936 Att.
1180 900 1234 943 12,
1272 901 1346 943 18a,
1382 900 1414 936 2.
1444 900 1499 942 19,
1526 900 1559 935 3.
1585 899 1642 943 21,
1670 898 1720 946 3).

120 957 207 992 Cum
232 958 337 1003 igitur
362 958 398 992 in
429 958 559 999 „reditu
585 958 628 992 ad
653 958 775 992 urbem
801 957 937 1003 (mense
963 957 1055 1002 Sept.
1083 957 1230 1002 707147)
1257 957 1364 992 nihilo
1390 957 1547 992 meliores
1582 968 1636 992 res
1661 957 1720 991 do-

120 1014 292 1057 mesticas,
321 1025 425 1060 quam
450 1025 524 1049 rem
549 1014 720 1060 publicam
755 1013 970 1056 offendisset,
1009 1024 1087 1049 cum
1126 1016 1266 1060 propter
1304 1013 1570 1049 domesticorum
1609 1012 1719 1048 scelus

120 1071 207 1108 nihil
234 1072 297 1108 sibi
323 1072 414 1108 intra
440 1083 520 1108 suos
546 1073 694 1119 parietes
722 1074 845 1116 tutum,
872 1071 957 1108 nihil
985 1072 1117 1108 insidiis
1143 1083 1288 1108 vacuum
1313 1072 1453 1115 videret,
1494 1082 1658 1107 novarum
1684 1082 1720 1107 se

118 1131 411 1167 necessitudinum
450 1131 614 1165 fidelitate
653 1132 770 1165 contra
807 1133 963 1165 veterum
1000 1130 1179 1176 perfidiam
1217 1130 1442 1164 muniendum
1481 1129 1632 1174 putavit“
1664 1129 1721 1172 (ad

119 1187 199 1222 fam.
226 1188 259 1229 4,
290 1189 344 1229 14,
371 1187 394 1222 3
421 1189 485 1223 sub
511 1187 616 1223 finem
643 1187 722 1223 anni
749 1188 906 1233 708146).
965 1187 1123 1224 Terentia
1155 1187 1248 1222 enim
1282 1187 1423 1222 dimissa
1456 1197 1598 1223 uxorem
1623 1185 1722 1222 duxit

119 1245 312 1280 Publiliam.
366 1246 434 1281 Sed
460 1257 539 1281 cum
565 1246 654 1281 bona
679 1246 752 1280 eius
778 1246 880 1280 heres
906 1257 925 1280 a
951 1248 1047 1290 patre
1074 1245 1153 1281 fidei
1180 1245 1435 1280 commissarius
1452 1245 1592 1280 relictus
1609 1245 1723 1279 custo-

118 1302 207 1338 diret
232 1312 378 1348 eamque
402 1302 504 1348 paulo
530 1305 607 1348 post
632 1302 839 1344 dimitteret,
874 1313 985 1348 neque
1010 1302 1166 1348 proximo
1192 1312 1280 1337 anno
1306 1301 1436 1348 709145
1469 1311 1580 1347 neque
1609 1302 1722 1346 poste-

120 1360 206 1395 riore
220 1360 352 1404 710144
377 1360 438 1406 (ad
452 1361 524 1396 Att.
543 1361 597 1402 12,
625 1361 681 1403 22,
712 1361 742 1396 1.
771 1361 826 1403 23,
854 1360 893 1402 2;
923 1361 976 1401 16,
1005 1363 1036 1402 6,
1064 1360 1097 1396 3.
1128 1362 1181 1403 15,
1196 1360 1233 1404 5)
1260 1370 1301 1395 ea
1326 1369 1413 1405 quae
1438 1358 1720 1395 debebatTeren-

121 1417 188 1452 tiae
215 1417 346 1452 solvere
372 1418 494 1462 potuit,
521 1418 614 1463 quod
640 1417 671 1452 ei
696 1418 846 1452 maximo
872 1418 936 1452 fuit
962 1417 1080 1452 dolori.
1119 1416 1203 1453 Inde
1230 1428 1396 1463 quaenam
1423 1416 1586 1452 scelerate
1603 1416 1723 1451 fecerit

118 1474 287 1517 Terentia,
315 1486 399 1510 num
424 1486 499 1511 rem
523 1474 682 1511 habuerit
699 1485 777 1510 cum
796 1474 955 1517 Salustio,
982 1485 1190 1522 quamquam
1207 1474 1282 1511 fieri
1307 1474 1427 1521 potuit,
1454 1484 1532 1509 cum
1551 1475 1585 1509 et
1602 1472 1721 1509 Cicero

118 1534 160 1568 ab
188 1533 269 1568 urbe
295 1533 431 1567 abesset
456 1535 490 1567 et
517 1532 685 1567 Salustius
711 1535 893 1577 quaestura
917 1533 1153 1567 administrata
1183 1533 1227 1567 ad
1252 1533 1373 1567 urbem
1400 1534 1501 1574 esset,
1528 1534 1643 1567 tamen
1659 1542 1723 1576 pro

120 1592 214 1625 certo
240 1589 363 1624 confici
389 1600 458 1624 non
483 1592 605 1635 potest.
657 1589 780 1634 Neque
806 1590 898 1634 quod
924 1591 1041 1624 auctor
1066 1589 1253 1624 invectivae
1288 1590 1324 1624 in
1349 1588 1543 1625 Salustium
1569 1588 1625 1624 his
1650 1598 1724 1624 ver-

118 1647 170 1683 bis
196 1647 369 1682 invehitur
397 1647 453 1693 (6,
484 1648 546 1689 15,
576 1647 652 1691 16):
709 1657 848 1689 „sumus
875 1646 1057 1693 diligentes
1083 1646 1117 1681 in
1143 1646 1270 1681 tuenda
1294 1647 1458 1692 pudicitia
1488 1656 1634 1682 uxorum
1659 1655 1720 1681 no-

118 1708 285 1746 strarum,
325 1705 385 1739 sed
412 1705 459 1739 ita
487 1704 677 1749 experrecti
702 1715 771 1739 non
797 1714 926 1746 sumUS,
952 1706 991 1739 ut
1016 1715 1035 1738 a
1061 1706 1094 1739 te
1121 1714 1240 1739 cavere
1265 1704 1456 1750 possimus;
1501 1703 1641 1738 audacia
1667 1705 1724 1738 tua

119 1762 225 1798 vincit
251 1764 368 1797 nostra
393 1762 539 1804 studia,“
578 1762 626 1797 ita
651 1762 694 1797 ad
720 1761 921 1798 Ciceronem
947 1761 1162 1797 referendum
1188 1761 1390 1807 putaverim,
1426 1763 1463 1796 ut
1488 1761 1530 1797 de
1556 1760 1725 1796 adulterio

116 1823 174 1856 aut
212 1820 460 1855 consuetudine
498 1819 625 1855 Salusti
662 1830 740 1854 cum
767 1819 926 1855 Terentia
960 1820 1045 1855 certi
1079 1819 1265 1865 quidquam
1291 1819 1413 1854 confici
1438 1818 1556 1865 possit.
1608 1817 1720 1853 Immo

116 1889 198 1913 vero
229 1878 321 1923 quod
349 1877 456 1921 (idem
467 1877 503 1923 ?)
528 1879 646 1912 auctor
671 1877 859 1912 invectivae
884 1877 920 1912 in
946 1876 1145 1913 Ciceronem
1179 1877 1226 1919 (2,
1252 1879 1285 1920 2,
1312 1877 1355 1912 3:
1381 1887 1466 1912 uxor
1491 1875 1657 1922 sacrilega
1681 1883 1721 1910 ac

119 1935 277 1981 periuriis
315 1934 486 1981 delibuta)
524 1933 708 1969 Salustium
746 1935 793 1971 ita
826 1935 868 1970 de
903 1935 1062 1970 Terentia
1095 1934 1290 1980 loquentem
1330 1933 1422 1976 facit,
1456 1935 1496 1968 ut
1537 1943 1613 1968 eam
1652 1932 1722 1968 non

119 1995 252 2029 minore
271 1994 359 2035 odio,
379 2004 484 2038 quam
501 1993 614 2038 ipsum
633 1992 833 2029 Ciceronem
851 1993 1013 2029 habuisse
1032 1993 1197 2036 videatur,
1225 2004 1304 2028 cum
1322 1996 1513 2028 ceterarum
1530 2001 1646 2028 rerum
1663 1991 1722 2027 Sa-

116 2050 339 2086 lustianarum
365 2061 435 2085 non
460 2050 504 2085 sit
529 2050 678 2096 ignarus
717 2049 903 2095 plurimum
942 2050 1077 2085 officere
1115 2050 1341 2096 Hieruonymi
1376 2049 1578 2086 testimonio·
1598 2059 1719 2084 conce-

116 2109 270 2145 dendum
297 2110 349 2144 est
374 2108 504 2143 Kritzio
531 2108 629 2153 (prol.
656 2108 704 2151 5).
756 2107 970 2154 Quamquam
996 2108 1070 2144 fieri
1096 2108 1216 2154 potuit,
1258 2110 1296 2144 ut
1320 2107 1519 2143 matrimoni
1545 2106 1719 2149 memoria,

119 2178 199 2202 cum
225 2166 450 2212 quadraginta
484 2166 555 2202 fere
592 2177 759 2201 annorum
798 2166 945 2211 spatium
970 2166 1241 2208 intercessisset,
1281 2165 1415 2212 fugeret
1448 2166 1641 2206 auctorem,
1680 2164 1722 2199 ad

118 2224 381 2269 Hieronymum,
409 2234 512 2269 quem
538 2223 593 2258 his
620 2223 655 2258 in
682 2223 784 2258 rebus
809 2234 878 2259 non
903 2223 1014 2258 levem
1040 2223 1146 2258 fuisse
1172 2223 1411 2269 comperimus,
1439 2224 1498 2258 aut
1522 2232 1565 2258 ex
1589 2221 1721 2258 Asconi

59 2308 62 2313 .
117 2281 189 2315 vita
214 2283 273 2315 aut
299 2280 435 2315 aliunde
462 2281 676 2325 perveniret;
703 2280 905 2325 praesertim
932 2291 1010 2315 cum
1035 2291 1095 2325 spe
1121 2280 1306 2315 frustratus
1330 2282 1368 2314 ut
1394 2279 1513 2314 Cicero
1538 2278 1721 2314 Publiliam

117 2339 165 2375 ita
204 2337 374 2374 Salustius
413 2337 607 2373 Terentiam
645 2337 745 2383 paulo
784 2339 861 2383 post
898 2338 1021 2373 initum
1061 2337 1316 2373 matrimonium
1351 2336 1521 2372 dimisisse
1555 2336 1720 2372 videatur.

117 2397 217 2432 Certe
242 2395 366 2431 liberos
392 2406 433 2430 ex
457 2407 504 2431 ea·
523 2398 582 2430 aut
607 2395 718 2431 nullos
743 2395 895 2440 suscepit
919 2398 977 2431 aut
1002 2398 1178 2441 susceptos
1210 2395 1305 2431 brevi
1331 2394 1462 2437 amisit,
1490 2404 1570 2429 cum
1595 2394 1722 2430 sororis

116 2456 277 2500 nepotem
303 2453 454 2499 equestri
481 2456 594 2489 ortum
620 2453 695 2489 loco
721 2453 755 2488 in
780 2464 908 2489 nomen
925 2453 1081 2489 adsciret.
1108 2449 1225 2499 Atque
1242 2452 1308 2495 ille,
1336 2462 1545 2498 quamquam
1562 2452 1722 2499 prompto

116 2513 158 2548 ad
184 2512 411 2558 capessendos
436 2511 586 2547 honores
621 2512 739 2554 aditu,
776 2511 1015 2548 Maecenatem
1040 2511 1229 2547 aemulatus
1263 2511 1336 2547 sine
1362 2510 1529 2558 dignitate
1554 2508 1724 2546 senatorii}

121 2570 249 2606 multos
275 2569 534 2615 triumphalium
561 2569 859 2615 consulariumque
894 2570 1046 2615 potentia
1072 2569 1206 2612 anteiit,
1246 2569 1398 2604 diversus
1433 2579 1453 2603 a
1485 2570 1639 2603 veterum
1672 2567 1723 2602 in·

117 2628 237 2665 stituto
262 2637 323 2674 per
350 2626 481 2663 cultum
506 2630 541 2663 et
565 2626 750 2663 munditias
776 2627 941 2676 copiaque
967 2630 1001 2664 et
1038 2626 1214 2665 affluentia
1249 2625 1333 2663 luxu
1371 2625 1520 2675 propior.
1577 2624 1722 2663 Suberat
1758 2680 1767 2693 A
