1835 2802
179 164 183 166 ,
214 95 345 160 satos
345 134 425 167 eos
440 123 545 160 duces
585 123 796 169 vituperet1).
831 123 962 169 Rursus
996 114 1179 159 nobilitatis
1217 124 1355 170 quidem
1396 124 1613 170 iniquitatem
1650 101 1809 175 ‘tl-sia.

23 221 26 224 ,
54 208 57 212 .
79 155 102 180 ’ς’
96 180 237 219 iniurias
258 181 297 216 in
321 179 458 226 plebem
484 181 610 227 ubique
635 180 784 227 graviter
808 181 966 227 castigat,
1000 191 1111 226 neque
1137 183 1252 216 tamen
1278 192 1378 218 caeco
1395 181 1555 217 adversae
1580 180 1688 227 Ρῦῑῇθ
1731 176 1744 191 ι’

56 256 58 258 v
97 228 174 281 odio
199 237 284 275 adeo
308 237 491 286 abripitur,
530 239 569 274 ut
592 249 680 282 non,
717 239 808 286 quod
841 238 876 275 in
909 238 1085 275 nobilitate
1118 250 1239 275 sanum
1264 250 1383 275 verum
1408 239 1587 287 egregium
1610 237 1688 283 fuit,
1711 227 1780 290 fis}
1794 227 1812 281 3ss

25 295 27 297 ’
91 291 268 345 agnoscat.
317 296 370 332 Ita
395 297 531 333 Catonis
556 298 716 333 virtutem
741 299 884 333 summis
913 298 1070 333 laudibus
1105 296 1201 332 effert
1235 296 1321 341 (Cat.
1347 296 1404 339 53,
1431 298 1463 332 6.
1488 292 1561 340 54),
1612 285 1711 332 Mess*

99 353 216 403 tellum
239 353 329 390 iusto
354 355 534 402 praeconio
559 366 627 391 non
652 355 763 402 privat
788 355 951 402 (Iug.43,
982 356 1011 391 1.
1039 354 1094 390 44.
1119 353 1167 390 45
1182 353 1283 400 sqq),
1311 354 1345 389 in
1371 354 1444 400 ipso
1470 353 1573 397 Sulla,
1599 363 1705 401 quae
1756 348 1803 399 ’ζ’

98 412 221 450 eximia
243 401 398 460 fuerunt,
433 413 525 449 haud
563 413 689 450 invitus
713 414 906 460 praedicat
904 413 1007 461 (I.ug
1032 412 1090 455 95,
1117 413 1140 448 2
1165 412 1253 458 sq);
1298 411 1386 447 Mari
1421 415 1536 448 autem
1570 411 1688 447 laudes
1740 421 1742 423 ’
1775 420 1786 460 ,ζ
1800 407 1819 455 ᾖ,

102 469 251 534 prudens
276 472 378 517 atque
404 473 496 506 certo
522 471 646 507 iudicio
663 471 710 506 ita
727 471 922 507 moderatur
935 471 1022 517 (Iug.
1037 471 1095 513 94,
1111 470 1158 515 7),
1185 472 1224 505 ut
1240 480 1308 505 non
1325 469 1437 504 minus
1454 480 1532 504 eum
1550 470 1687 513 ornarit,
1808 464 1820 467 ’

93 538 198 575 <quam
222 527 295 573 ipse
320 527 446 564 Cicero.
498 527 608 572 Quare
640 529 754 565 nescio
787 540 828 564 an
861 531 953 566 recte
989 529 1030 564 ad
1057 527 1223 564 Salustius
1256 527 1473 573 potissimum
1497 527 1686 563 rettulerim
1720 576 1722 578 ‚

97 584 190 633 illud,
219 585 320 642 'quod
359 588 411 621 est
436 586 524 632 apud
562 586 716 622 Tacitum
755 587 885 633 (Agric.
914 588 974 632 1),
1013 586 1103 633 apud
1141 586 1271 632 priores
1307 614 1314 620 .
1348 614 1354 620 .
1386 614 1394 620 .
1428 585 1687 622 celeberrimum

99 652 269 689 quemque
294 642 430 689 ingenio
465 643 508 678 ad
536 643 746 689 prodendam
781 644 916 679 virtutis
948 644 1154 679 memoriam
1187 643 1260 678 sine
1293 642 1405 689 gratia
1438 644 1473 677 et
1506 643 1689 679 ambitione

100 700 208 735 bonae
234 700 366 735 tantum
392 700 618 736 conscientiae
644 701 753 746 pretio
779 701 920 736 ductum
946 711 1031 736 esse.
1066 700 1155 745 Quid
1180 700 1285 747 igitur
1310 700 1447 742 mirum,
1475 700 1504 734 si
1522 699 1689 736 Salustius

102 756 173 803 ipse
199 756 282 792 dicit
299 756 396 804 (Cat.
414 758 448 801 4,
466 758 500 794 3.
521 758 575 801 18,
598 758 645 803 1),
673 769 709 794 se
734 769 835 805 quam
861 758 1047 794 verissume
1074 759 1188 805 posset
1213 757 1390 803 scripsisse
1417 759 1450 792 et
1484 757 1572 804 (Cat.
1591 757 1625 801 4,
1647 757 1689 805 2)
1761 782 1763 784 »
1793 731 1819 812 ³.

100 826 139 850 eo
163 814 275 860 magis
300 815 458 851 statuisse
484 826 540 850 res
565 818 680 862 gestas
706 816 821 862 populi
839 815 982 853 Romani
1007 816 1228 862 perscribere,
1256 815 1347 861 quod
1364 814 1428 849 sibi
1445 826 1465 850 a
1482 825 1553 861 spe,
1580 817 1686 859 metu,

100 872 251 918 partibus
275 872 323 907 rei
348 872 503 918 publicae
528 873 661 909 animus
686 873 772 909 liber
797 876 898 916 esset,
925 884 1036 920 neque
1063 873 1157 919 (hist.
1176 874 1215 908 ir.
1243 873 1275 914 1,
1301 873 1338 917 6)
1374 883 1409 907 se
1434 872 1568 908 divorsa
1592 875 1686 918 parte

100 929 135 965 in
161 928 316 964 civilibus
350 931 452 966 armis
477 932 608 966 motum
643 941 716 967 esse
742 942 761 966 a
785 931 891 967 vero?
941 930 1029 975 Quid
1054 932 1196 973 mirum,
1232 930 1260 965 si
1297 930 1339 965 D.
1366 929 1581 976 Augustinus
1606 938 1686 966 eum

99 985 275 1023 nobilitate
303 987 453 1023 veritatis
486 987 686 1024 historicum
720 989 802 1025 dicit
835 989 892 1033 (de
925 989 1015 1025 civit.
1043 988 1107 1025 Dei
1132 987 1158 1025 Ι.
1186 988 1235 1033 5),
1271 988 1300 1024 si
1325 987 1367 1023 D.
1394 987 1546 1024 Isidorus
1579 987 1686 1035 (Orig.

102 1045 155 1088 13,
182 1045 239 1087 21,
268 1045 326 1086 10)
353 1048 387 1081 et
411 1046 531 1082 Vibius
558 1047 747 1092 Sequenter
772 1047 831 1093 (de
857 1047 950 1082 flum.
978 1058 1030 1092 ap.
1057 1046 1153 1082 Grut.
1180 1058 1212 1092 p.
1241 1047 1278 1092 7)
1313 1057 1390 1082 eum
1417 1048 1589 1081 auctorem
1615 1056 1688 1081 cer-

100 1102 269 1138 tissimum
297 1102 485 1149 appellant,
525 1104 554 1138 si
580 1114 698 1139 omnes
725 1104 812 1146 fere,
853 1104 910 1149 qui
937 1103 978 1139 de
1005 1103 1129 1139 Salusti
1155 1103 1291 1149 scriptis
1326 1104 1575 1148 exposuerunt,
1615 1102 1688 1137 eius

100 1160 250 1196 veritatis
276 1160 426 1196 studium
451 1160 683 1197 laudaverunt.

212 1217 348 1263 Triplex
373 1218 478 1264 igitur
503 1218 648 1253 Salustio
674 1229 788 1253 rerum
814 1221 989 1264 gestarum
1015 1218 1198 1253 memoriae
1238 1217 1437 1252 scribendae
1471 1217 1535 1252 fuit
1568 1227 1687 1252 causa:

104 1285 199 1310 amor
223 1274 362 1321 patriae,
389 1275 524 1318 civium,
548 1266 632 1311 'suae
656 1274 806 1322 gloriae;
844 1275 967 1322 triplex
992 1275 1064 1311 eius
1088 1275 1185 1311 finis:
1225 1275 1313 1310 iusta
1337 1285 1451 1310 rerum
1486 1274 1687 1317 aestimatio,

105 1332 295 1368 animorum
321 1332 363 1368 ad
389 1332 548 1368 virtutem
574 1333 742 1376 excitatio,
769 1343 848 1369 suae
873 1332 1001 1380 gloriae
1027 1333 1254 1379 comparatio,
1290 1331 1413 1378 triplex
1447 1332 1500 1367 via
1525 1333 1560 1367 et
1584 1331 1689 1368 ratio:

100 1400 215 1425 rerum
241 1390 283 1425 ad
309 1401 427 1426 causas
452 1390 591 1434 relatio,
631 1391 722 1436 quod
747 1390 788 1425 τό
813 1390 1052 1438 πραγματικόν
1085 1391 1220 1433 dicunt,
1260 1401 1432 1425 summum
1469 1389 1622 1425 veritatis
1655 1391 1691 1425 et

99 1448 178 1483 artis
204 1448 364 1483 studium.
416 1446 509 1492 Quae
536 1459 613 1484 cum
639 1448 801 1484 Romanis
827 1448 966 1494 quidem
993 1448 1140 1494 optimae
1167 1448 1364 1483 viderentur
1389 1457 1527 1490 causae,
1569 1447 1689 1493 optimi

99 1504 196 1547 fines,
224 1505 352 1551 optima
377 1505 431 1540 via
456 1507 490 1541 et
514 1506 616 1547 ratio,
656 1506 781 1541 mirum
805 1517 873 1541 non
900 1508 952 1541 est
977 1505 1166 1541 Salustium
1200 1506 1267 1540 iam
1302 1505 1449 1550 antiquis
1474 1504 1585 1539 visum
1609 1515 1689 1540 esse

100 1571 220 1597 omnes
246 1562 437 1607 superiores
462 1562 641 1598 historicos
665 1563 713 1597 ita
737 1562 839 1608 longe
866 1573 1061 1608 superasse,
1095 1564 1134 1596 ut
1158 1561 1325 1597 Martialis
1350 1561 1476 1607 (epigr.
1505 1561 1560 1603 14,
1589 1561 1687 1607 191),
1740 1575 1745 1576 ⁷
1768 1540 1820 1581 ³⁵2³

99 1630 177 1655 eum
205 1619 355 1665 primum
380 1619 416 1655 in
440 1619 582 1655 historia
607 1619 761 1656 Romana
786 1620 923 1663 diceret,
951 1619 1157 1666 posteriores
1191 1622 1304 1655 autem
1337 1619 1385 1654 ita
1409 1618 1586 1655 inferiores
1610 1618 1690 1655 reli-

99 1676 222 1722 quisse,
238 1672 275 1712 ut
293 1676 520 1721 Quintilianus
537 1678 630 1723 (inst.
642 1689 690 1713 or.
700 1678 733 1721 2,
744 1678 777 1721 5,
791 1678 850 1724 19)
872 1689 951 1713 eum
972 1678 1045 1724 ipso
1055 1677 1151 1713 Livio
1165 1678 1325 1713 maiorem
1340 1676 1502 1712 historiae
1515 1678 1689 1712 auctorem

99 1733 229 1770 diceret
255 1745 367 1782 neque
392 1734 584 1782 Thucydidi
610 1746 781 1782 opponere
807 1735 993 1772 Salustium
1018 1738 1191 1772 vereretur
1215 1735 1337 1783 (instit.
1365 1746 1411 1770 or.
1443 1733 1496 1777 10,
1526 1735 1556 1770 1.
1585 1734 1683 1781 101),

100 1791 236 1828 Tacitus
263 1792 358 1838 (ann.
385 1794 418 1836 3,
445 1793 506 1838 30)
533 1804 611 1828 eum
636 1804 750 1829 rerum
776 1793 1008 1829 Romanorum
1042 1793 1322 1829 florentissimum
1361 1794 1535 1828 auctorem
1573 1791 1689 1840 appel-

98 1848 183 1886 laret
207 1850 423 1897 maximeque
449 1851 648 1888 imitaretur.

211 1909 376 1944 Attamen
400 1909 539 1945 fuerunt
563 1921 632 1945 non
658 1911 765 1956 pauci,
806 1910 865 1955 qui
900 1909 986 1945 alius
1012 1910 1104 1945 aliud
1139 1910 1325 1945 Salustium
1358 1919 1517 1956 peccasse
1550 1905 1707 1944 conten-‘
1766 1905 1810 1926 9

98 1964 229 2002 derunt.
281 1964 434 2010 Quorum
459 1977 545 2013 quae
570 1967 642 2002 iure
668 1977 754 2013 quae
780 1967 903 2002 iniuria
928 1967 1134 2013 exprobrent
1159 1966 1305 2002 Salustio
1330 1966 1478 2002 breviter
1502 1966 1537 2002 in
1554 1964 1689 2012 singula
1742 1972 1744 1974 ’
1773 1975 1777 1976 ’
1800 1967 1803 1969 ’

98 2022 319 2070 inquiramus.
369 2024 486 2070 Atque
511 2025 603 2071 quod
630 2025 672 2060 ad
697 2035 810 2060 mores
835 2024 1015 2060 hominum
1042 2035 1227 2071 eorumque
1254 2027 1408 2060 naturam
1435 2026 1473 2059 ut
1501 2024 1544 2059 ad
1575 2024 1689 2060 fontes
1754 2026 1810 2074 'ss

96 2081 225 2128 rettulit
249 2093 303 2118 res
328 2084 453 2128 gestas,
479 2083 670 2129 graviorem
695 2083 834 2128 quidem
868 2093 943 2118 esse
978 2081 1100 2118 Munki
1123 2082 1176 2129 (Ι2
1200 2094 1232 2128 p.
1260 2082 1342 2127 389)
1369 2082 1590 2124 sententiam,
1629 2081 1689 2127 qui

99 2148 172 2175 eam
197 2151 313 2176 rerum
338 2140 662 2187 contemplationem
688 2141 782 2187 quasi
809 2151 967 2175 mancam
992 2142 1190 2186 curiamque
1217 2140 1317 2181 dicit,
1353 2150 1455 2185 supra
1484 2139 1700 2174 memoravi--

98 2206 185 2240 mus,
211 2198 270 2233 sed
297 2198 332 2234 in
356 2209 492 2234 morum
519 2200 780 2244 temporumque
808 2198 1092 2243 descriptionibus
1127 2208 1238 2233 mores
1271 2196 1439 2232 maiorum
1473 2199 1507 2232 et
1532 2198 1689 2242 tempora
1755 2188 1761 2223 ἶ
1783 2193 1825 2226 ’1ῑῖ

97 2255 174 2290 ante
200 2257 274 2290 acta
298 2255 374 2301 plus
401 2267 508 2302 aequo
541 2255 714 2298 laudasse,
755 2266 815 2290 sua
852 2257 1006 2301 tempora
1043 2265 1248 2300 suorumque
1285 2264 1398 2289 mores
1432 2253 1533 2289 nimis
1568 2254 1690 2289 acriter

98 2311 317 2359 vituperasse,
357 2314 391 2349 id
429 2314 521 2360 quod
558 2314 650 2350 idem
674 2313 783 2350 Munk
822 2314 1003 2360 exprobrat
1030 2312 1185 2355 Salustio,
1228 2322 1353 2359 negare
1387 2323 1456 2348 non
1493 2322 1695 2358 possumus·

99 2369 195 2414 Quod
220 2374 333 2408 autem
360 2372 451 2408 idem
476 2372 586 2408 Munk
611 2373 670 2418 (1².
698 2372 778 2408 389.
806 2371 892 2418 390)
918 2372 1097 2418 exprobrat
1122 2370 1276 2413 Salustio,
1313 2370 1404 2416 quod
1438 2370 1593 2416 quamvis
1624 2370 1690 2406 sibi

99 2438 118 2462 a
141 2430 296 2474 partibus
322 2430 373 2466 rei
399 2430 555 2476 publicae
579 2430 724 2466 liberum
750 2441 826 2466 esse
852 2430 1002 2466 animum
1027 2429 1190 2475 gloriatus
1224 2428 1283 2471 sit,
1319 2431 1434 2464 tamen
1468 2429 1689 2464 adversarum
1750 2439 1753 2440 ⁷
1777 2427 1824 2482 91

98 2487 245 2531 partium
275 2488 509 2534 imprimisque
535 2488 707 2525 Ciceronis
742 2488 881 2536 egregia
914 2488 1080 2529 facinora,
1121 2497 1257 2522 suarum
1292 2486 1440 2532 partium
1474 2486 1689 2533 maximeque

212 2622 236 2659 ¹)
256 2621 319 2653 cat.
341 2622 386 2660 aa,
411 2624 435 2654 1.
457 2622 518 2661 lug.
540 2623 588 2661 42,
610 2623 634 2654 2.
656 2621 732 2654 nist.
754 2621 789 2653 fr.
811 2622 833 2652 1.
856 2622 900 2653 11.
921 2621 973 2653 1v.
994 2622 1030 2653 57
1051 2621 1105 2652 Kr.

3 2646 5 2655 1

143 2695 146 2697 ,

0 2714 54 2802 &¹⁴:-
90 2721 94 2722 ⁷

40 2763 188 2802 1:³⁴2*va
200 2800 204 2802 Δ
232 2797 238 2802 ,ψ
296 2782 298 2785 ’
316 2771 318 2773 ¹
