1835 2802
89 358 146 410 1101
168 368 325 418 publicae
350 366 443 414 (lug.
467 367 501 410 4,
529 367 561 404 1.
588 367 635 412 6).
686 367 795 414 Atqui
828 367 921 403 hunc
953 367 989 402 in
1020 366 1126 403 finem
1157 378 1228 403 non
1253 366 1355 403 modo
1380 366 1467 403 nihil
1491 367 1687 414 profuisset,

0 437 34 458 s*
97 426 217 466 >verum
250 425 354 461 etiam
388 425 575 471 plurimum
606 424 772 467 offuisset,
810 426 927 471 aperta
963 424 1129 460 malorum
1165 436 1300 460 morum
1339 424 1526 468 confessio,
1565 424 1690 471 quippe

97 496 181 534 quae
206 486 240 520 et
264 483 439 530 scriptoris
464 485 497 519 et
522 482 727 529 scriptorum
750 482 980 518 imminuisset
1004 482 1109 518 fidem
1149 485 1183 518 et
1219 482 1463 518 auctoritatem.
1516 480 1689 526 Quantum

27 533 31 540 ¹
89 540 210 580 'autem
234 552 276 577 ex
301 551 338 576 re
364 552 438 577 esse
463 541 614 587 putabat,
641 542 680 576 ut
704 540 763 586 qui
787 551 857 576 non
881 540 1036 587 legerent
1061 542 1195 575 tantum
1220 540 1280 576 sed
1305 541 1409 576 etiam
1427 541 1628 587 cogitarent,
1655 542 1690 576 et

98 611 158 637 sua
181 598 264 635 vitia
288 598 519 644 perspicerent
544 599 579 634 et
604 608 701 633 suam
727 597 979 633 excusationem
1004 597 1260 644 intellegerent,
1300 599 1433 633 tantum
1468 598 1503 633 in
1540 597 1690 633 exordiis

96 658 258 694 librorum
295 656 338 691 de
376 666 411 691 se
449 655 627 694 confessus
662 657 722 691 est.
771 654 893 701 Itaque
919 655 1011 700 quod
1034 666 1103 690 non
1129 656 1243 700 aperte
1269 655 1444 691 confessus
1478 657 1544 697 est,
1582 655 1618 690 id
1653 655 1690 690 in

97 713 239 751 summis
264 713 337 748 eius
362 712 518 748 laudibus
542 723 643 758 pono.

210 771 259 808 At
283 770 458 808 invehitur
482 771 519 807 in
544 769 628 807 alios
653 770 772 817 culpae
807 770 985 813 obnoxios,
1020 770 1089 806 acsi
1121 770 1194 817 ipse
1227 770 1391 806 innocens
1426 773 1533 814 esset,
1572 773 1606 806 et
1638 770 1689 806 in·
1721 785 1724 787 ·
1780 778 1824 817 ἱ,

40 842 43 845 “
96 819 192 872 111110,
218 840 321 876 quam
346 829 412 864 sibi
436 829 560 864 10010111
585 829 813 874 conqueritur,
840 828 924 863 alios
949 827 1064 863 afficit.
1099 828 1186 873 Quid
1212 829 1316 874 igitur
1341 829 1466 863 mirum
1491 829 1530 871 si,
1557 832 1595 864 111
1619 840 1688 864 0110

38 887 40 889 ’
97 899 157 935 pro
182 886 297 924 multis
325 889 399 922 utar
423 886 589 933 exemplo,
617 887 710 932 quod
735 885 848 922 Sullae
873 886 955 922 vitio
981 886 1110 930 tribuit,
1137 886 1172 922 in
1197 886 1311 932 ipsum
1335 886 1482 929 recidit?
1531 887 1687 923 Primum
1731 902 1734 904 “
1777 882 1813 931 {25

100 946 135 981 in
159 943 355 990 exemplum
379 944 600 990 inquiramus.
653 944 741 980 Sunt
767 944 858 979 enim
883 944 970 979 haec
995 944 1083 990 apud
1107 943 1331 980 Plutarchum
1364 944 1491 990 (comp.
1518 944 1688 990 Lysandri
1750 956 1800 989 ς

100 1013 177 1038 cum
202 1001 296 1049 Sylla
320 1012 348 1038 0.
375 1002 432 1047 3);
457 1001 477 1036 ὁ
504 1000 665 1048 (Σύλλας)
690 997 804 1036 δὀῧτε
828 998 904 1043 νέος
929 996 973 1035 ὢν
1000 999 1083 1049 περὶ
1106 1000 1169 1043 τὰς
1192 998 1388 1047 ἐπιθυμίας
1420 998 1597 1049 ἐμετρίαζε
1630 1000 1690 1036 dio}

94 1060 159 1109 τήν
183 1056 316 1103 πενίαν,
345 1055 426 1095 οὕτε
450 1058 599 1108 γηράσας
624 1058 684 1094 διὰ
706 1059 770 1107 τήν
793 1056 938 1107 ἠλικίαν,
966 1058 1054 1094 ἄλλα
1077 1059 1158 1102 τούς
1182 1057 1264 1106 περὶ
1296 1059 1415 1105 γάμων
1452 1058 1510 1095 καὶ
1545 1071 1688 1108 σωφρο-

96 1118 196 1166 σύνης
226 1114 395 1165 εἰσηγεῖτο
427 1117 553 1162 νόμους
583 1117 658 1159 τοῖς
682 1113 856 1160 πολίταις,
883 1116 986 1159 αὐτὸς
1010 1115 1095 1164 ἐρῶν
1119 1115 1177 1151 καὶ
1200 1117 1381 1162 μοιχεύων,
1420 1115 1466 1160 ὥς
1498 1129 1583 1165 φησι
1616 1119 1688 1152 Σα-

95 1175 260 1217 λούστιος.
312 1174 405 1220 Quae
429 1174 551 1211 ultima
576 1175 681 1211 verba
705 1175 748 1211 ad
778 1174 858 1211 hist.
885 1174 1008 1222 fragm.
1042 1174 1060 1210 Ι
1088 1175 1136 1210 40
1161 1174 1220 1210 Kr.
1277 1175 1460 1218 „Insanum
1494 1175 1593 1211 aliter
1626 1186 1688 1211 sua

96 1233 264 1270 sententia
288 1234 391 1279 atque
416 1232 557 1268 aliarum
582 1232 783 1269 mulierum“
811 1233 989 1269 referenda
1014 1244 1088 1269 0330
1113 1232 1260 1269 libenter
1284 1234 1433 1269 concedo
1458 1233 1597 1277 Kritzio,
1625 1233 1685 1280 qui

94 1291 221 1337 optime
248 1291 340 1334 vidit,
367 1290 423 1326 his
449 1291 562 1326 verbis
588 1290 774 1326 Salustium
810 1291 924 1337 gravis
963 1290 1103 1326 alicuius
1137 1291 1200 1325 viri
1233 1291 1396 1326 iudicium
1422 1292 1464 1326 de
1491 1290 1585 1326 Sulla
1609 1302 1694 1337 pro-v

93 1348 191 1384 ferre.
244 1347 341 1392 Quod
378 1350 494 1383 autem
529 1347 613 1383 illud
649 1348 856 1383 insanum
893 1359 954 1383 sua
991 1348 1160 1384 sententia
1186 1347 1380 1394 significare
1413 1348 1497 1383 dicit
1529 1348 1688 1383 insana

94 1404 294 1441 libidine
319 1404 537 1452 flagrare,
576 1407 614 1440 ut
647 1415 759 1440 errare
789 1399 876 1440 mihi
910 1405 1082 1448 videatur,
1120 1405 1172 1440 vis
1205 1405 1297 1440 vocis
1327 1405 1556 1448 „sententiae“
1586 1404 1686 1448 facit3

94 1474 204 1509 neque
229 1465 267 1499 ut
292 1462 429 1500 aliter
453 1464 545 1499 idem
570 1463 763 1510 significare
787 1465 905 1509 putem
931 1474 970 1499 00
988 1463 1112 1507 01103,
1140 1462 1349 1507 01101131(Π,
1367 1464 1421 1505 14,
1440 1462 1486 1499 25
1501 1474 1534 1509 p.
1549 1463 1618 1500 114
1629 1463 1686 1510 L).

96 1521 297 1557 auctoritate
323 1521 493 1564 adducor,
533 1522 593 1556 sed
618 1522 665 1556 ita
690 1521 733 1556 ad
758 1523 893 1567 atque
917 1521 1134 1556 referendum
1158 1523 1259 1566 puto,
1298 1523 1337 1555 ut
1373 1520 1477 1555 animi
1517 1521 1685 1556 sententia

95 1577 215 1626 (quam
239 1578 373 1626 legibus
400 1579 620 1623 ostenderat),
648 1579 746 1615 100113
771 1578 955 1627 (luxuriae)
982 1581 1171 1627 opponatur
1195 1578 1331 1615 0111000
1348 1577 1419 1615 fere
1441 1578 1486 1614 sit
1503 1577 1696 1616 sententia:>

93 1636 296 1673 Insanivisse
322 1637 451 1673 Sullam
485 1638 521 1672 in
554 1637 635 1672 alias
668 1637 829 1672 mulieres
863 1637 960 1672 aliter
994 1648 1033 1673 ac
1058 1649 1118 1672 sua
1142 1637 1206 1672 fuit
1231 1638 1408 1672 sententia.
1459 1636 1579 1682 Itaque
1616 1648 1687 1673 non

93 1694 164 1729 tam
188 1704 345 1730 accusare
372 1705 476 1741 quam
501 1705 664 1730 excusare
691 1694 777 1729 mihi
802 1694 936 1729 videtur
961 1694 1090 1729 Sullam
1114 1693 1256 1730 meliore
1282 1693 1385 1728 animi
1412 1692 1590 1729 sententia.

207 1751 338 1789 Eodem
363 1752 435 1789 fere
461 1751 603 1789 consilio
627 1751 702 1799 Iug.
728 1751 786 1795 95,
812 1753 834 1789 3
861 1751 991 1788 Sullam
1017 1752 1084 1789 otio
1109 1751 1281 1788 luxurioso
1306 1750 1411 1787 fuisse
1436 1751 1536 1795 dicit,
1571 1754 1687 1788 tamen

93 1809 135 1844 ab
160 1810 307 1856 negotiis
332 1821 521 1856 numquam
546 1810 757 1856 voluptatem
793 1812 999 1846 remoratam
1044 1821 1129 1846 esse.
1193 1810 1316 1855 Neque
1358 1810 1449 1855 quod
1490 1809 1685 1856 subiungit:

102 1865 198 1909 „Nisi
224 1867 316 1915 quod
341 1868 383 1904 de
408 1879 513 1904 uxore
539 1867 649 1914 potuit
672 1867 850 1904 honestius
887 1867 1036 1904 consuli“
1079 1869 1138 1903 aut
1175 1869 1415 1915 argumentum
1452 1866 1684 1904 adhibendum
1731 1892 1735 1898 ,.

1769 1905 1812 1918 ,-

93 1926 144 1960 031
171 1926 214 1961 011
238 1925 442 1962 adulterium
468 1926 593 1962 Salusti
618 1926 880 1973 improbandum
895 1926 933 1970 1),
962 1928 1018 1961 001
1052 1925 1272 1962 tribuendum
1310 1927 1363 1961 est
1387 1925 1510 1961 Salusti
1547 1925 1688 1961 maledi-

94 1981 234 2019 00111100.
286 1982 376 2027 Quid
400 1983 493 2019 enim
518 1983 609 2019 aliud
633 1983 675 2019 iis
701 1983 815 2019 verbis
841 1983 1063 2029 significavit,
1103 1994 1206 2029 quam
1241 1994 1307 2018 uno
1341 1983 1383 2018 ab
1409 1982 1521 2018 officio
1546 1982 1601 2018 vel
1625 1993 1685 2018 ne-

92 2039 197 2085 gotio,
221 2042 316 2087 quod
341 2041 440 2077 uxori
465 2041 686 2077 tribuendum
711 2043 794 2084 erat,
835 2040 964 2077 Sullam
989 2043 1194 2077 remoratam
1220 2051 1294 2077 esse
1318 2040 1537 2086 voluptatem.
1587 2039 1684 2076 Num

29 2132 33 2135 .
92 2094 218 2133 iisdem
242 2109 280 2134 se
304 2099 480 2141 incusavit,
506 2110 591 2134 num
608 2098 796 2134 Salustium
820 2100 993 2134 remorata
1017 2101 1071 2134 est
1095 2098 1163 2134 ulla
1190 2098 1342 2144 voluptas
1368 2098 1409 2134 ab
1435 2098 1555 2133 eodem
1579 2108 1685 2144 nego-

91 2152 166 2189 tio?
190 2154 237 2191 Et
262 2166 340 2192 cum
366 2166 408 2193 ex
433 2155 509 2192 aliis
535 2155 756 2203 scriptoribus
794 2154 877 2199 (Cic.
914 2156 957 2192 de
986 2156 1045 2192 fin.
1073 2156 1106 2198 3,
1141 2155 1198 2199 22,
1227 2155 1282 2194 75.
1309 2154 1382 2191 Val.
1408 2154 1500 2190 Max.
1527 2155 1559 2198 6,
1588 2156 1620 2199 9,
1649 2154 1681 2192 6.

89 2209 178 2247 Plut.
206 2212 287 2249 Sull.
323 2214 389 2250 36:
426 2213 531 2261 συνῆν
566 2209 686 2258 μίμοις
722 2211 854 2259 γυναιξὶ
889 2211 947 2247 καὶ
982 2209 1247 2260 κιθαριστρίαις.
1277 2241 1283 2248 .
1312 2213 1338 2258 .)
1375 2213 1590 2258 compertum
1627 2212 1684 2255 sit,

93 2270 302 2316 quantopere
326 2271 526 2307 libidinibus
554 2270 690 2307 deditus
715 2270 818 2307 fuerit
843 2270 954 2313 Sulla,
993 2282 1078 2306 num
1110 2270 1142 2307 ei
1175 2269 1350 2306 maledixit
1386 2269 1581 2306 Salustius?
1631 2268 1686 2306 Ita

93 2326 250 2363 omnibus
274 2328 346 2364 fere
370 2328 466 2372 locis,
492 2330 528 2365 in
553 2329 677 2375 quibus
716 2328 819 2364 nimis
856 2328 972 2375 gravia
1009 2328 1133 2363 iudicia
1170 2328 1281 2363 inesse
1318 2329 1492 2373 putantur,
1531 2327 1560 2363 si
1597 2327 1685 2364 bene

0 2378 50 2437 ᾗ]
92 2385 324 2429 perspexeris,
364 2386 453 2422 iusta
486 2386 611 2422 iudicia
643 2386 789 2432 proferri
822 2385 1010 2432 intelleges
1062 2384 1159 2428 Quod
1192 2387 1309 2420 autem
1333 2384 1541 2420 conscientia
1566 2383 1686 2431 culpae

93 2437 130 2474 in
155 2450 304 2478 errorem
329 2454 398 2479 non
423 2442 582 2480 inductus
607 2443 650 2479 de
675 2444 776 2479 rebus
801 2442 960 2480 humanis
985 2442 1221 2488 incorruptum
1255 2442 1419 2478 iudicium
1444 2442 1525 2478 fecit
1550 2444 1584 2478 et
1608 2451 1686 2489 gra-

0 2499 5 2549 j
34 2495 42 2526 L
91 2505 170 2533 vem
193 2501 360 2537 senatoris
385 2502 531 2538 Romani
554 2513 737 2548 personam
761 2501 941 2543 sustinuit,
970 2499 1117 2537 salustio
1143 2501 1227 2536 adeo
1254 2512 1321 2537 non
1355 2501 1504 2537 tribuam
1529 2500 1620 2543 vitio,
1648 2502 1687 2536 ut

205 2631 234 2667 ²)
247 2631 379 2665 Dionea.
401 2634 501 2674 111-018,
522 2644 550 2675 p.
571 2635 612 2674 8⁸,
633 2634 694 2667 alii.

74 125 319 195 >31111110-ῑ11ᾗ1-1111
379 126 415 173 di
439 146 554 183 neque
578 134 785 173 defendendi
808 134 1016 173 neccessitas
1048 135 1113 173 fuit
1146 135 1306 173 Salustio.
1357 134 1426 173 Sed
1462 135 1539 183 plus
1576 134 1690 186 valere

64 191 71 232 '5
92 195 106 200 ”
189 187 343 233 “videtur
365 194 433 230 hoc
457 193 612 237 alterum,
639 193 827 230 Salustium
852 204 922 230 non
946 204 1044 230 suam
1068 195 1183 237 vitam,
1210 205 1279 230 non
1304 194 1358 229 sui
1382 195 1481 240 quasi
1497 194 1690 241 apologiam
1741 190 1807 243 ἐξ,

73 270 76 274 ·
97 249 245 296 scribere
271 251 338 289 sibi
362 246 590 300 preposuisse‚
618 251 679 287 sed
702 259 816 289 rerum
841 253 1017 299 gestarum
1041 250 1226 295 memoria,
1264 262 1333 298 qua
1357 252 1504 299 egregiis
1530 252 1612 288 viris
1638 261 1691 288 ar-
1751 251 1808 298 ῥῑζ

88 305 215 356 ,dorem
239 310 425 357 quemdam
450 310 493 345 ad
517 309 662 357 gloriam
686 309 722 345 in
746 311 884 355 pectore
910 309 1050 345 accendi
1073 311 1198 352 nosset,
1227 320 1332 355 quam
1355 320 1516 345 maxumo
1532 321 1598 345 usu
1615 319 1691 345 0330
