1835 2802
0 147 47 203 {¹
75 183 78 185 ,
109 158 197 195 quae
221 148 382 185 homines
408 147 684 196 divulgaverant,
710 147 818 186 immo
843 159 925 186 vero
959 159 1037 186 01101
1071 150 1199 197 optime
1224 152 1343 188 nosset
1366 150 1555 190 Salustium
1582 153 1712 203 „serm

3 194 44 239 ῗ-
91 208 218 243 torem
243 206 352 242 seriae
385 204 478 242 illius
504 208 539 242 01
563 203 701 243 severae
727 207 899 251 orationis,
926 207 963 243 in
988 207 1084 243 cuius
1108 207 1251 244 historia
1275 208 1410 245 notines
1436 202 1707 255 censorias-,fieri

0 262 3 271 '
108 267 211 311 atque
236 264 407 301 exerceri⁸
436 265 530 301 vidit.
556 264 637 301 Non
663 265 756 302 00101
779 265 980 312 Varronis1)
1006 276 1081 302 esse
1119 277 1159 303 ea
1195 266 1299 302 verba
1335 267 1397 303 sed
1433 267 1522 304 Gelli
1558 280 1600 305 ex
1615 266 1617 272 ⁴
1634 270 1711 321 ipso

108 322 211 358 verbo
241 322 360 366 „vide
372 325 486 358 mus“
515 331 619 358 nemo
643 333 713 358 non
740 323 889 359 conficit.
914 322 1004 358 Illud
1030 323 1136 370 igitur
1160 324 1286 359 mirum
1312 323 1422 360 Gellio
1439 324 1618 362 videbatur
1633 330 1715 364 0880,

108 378 215 415 vitam
242 381 277 415 et
302 380 430 426 scripta
455 379 538 416 adeo
562 391 664 426 posse
692 380 873 417 dissentire
887 409 895 424 ,
936 384 1037 427 atque
1062 381 1150 417 vitae
1176 381 1293 433 fidem·
1308 393 1351 418 ne
1383 381 1512 428 scripta
1536 381 1712 430 vincerent

109 435 274 473 Varronis
300 438 502 473 auctoritate
528 437 754 473 confirmavit.
806 438 929 484 Neque
966 439 1058 484 quod
1092 439 1164 484 ipse
1198 439 1263 474 alio
1288 438 1363 475 loco
1389 439 1431 475 de
1457 439 1583 475 Salusti
1608 440 1713 477 mori-

108 494 172 530 bus
198 488 375 531 dissolutis
401 506 440 531 ac
465 495 608 541 perditis
634 506 705 531 11011
739 495 918 539 (1188011111,
957 506 1036 531 01101
1066 496 1139 531 eius
1173 496 1223 532 rei
1255 506 1357 532 causa
1388 507 1458 532 non
1483 498 1591 540 esset,
1628 497 1709 535 inde
1763 496 1777 533 .“’-

108 552 350 589 coniciendum
375 555 438 596 est,
465 553 558 599 quod
583 553 722 589 conficit
746 553 860 597 Kritz,
901 552 1051 590 Gellium
1085 552 1172 590 haec
1205 554 1347 590 crimina
1372 553 1438 600 vel»
1457 554 1633 601 ignorasse
1658 555 1712 592 vel

107 610 340 657 improbasse;
378 611 484 647 immo
511 611 540 647 si
565 610 758 656 habuisset,
798 612 890 658 quod
915 614 1034 647 contra
1059 612 1200 655 diceret,
1227 623 1297 648 non
1322 612 1503 655 tacuisset,
1530 614 1568 648 ut
1592 614 1710 653 contra

108 669 316 715 scriptorum
341 669 584 705 abtrectatores
609 669 695 705 dixit
708 670 758 716 ²):
789 670 844 713 „in
879 670 1003 716 quibus
1028 669 1171 716 (Salusti
1197 670 1352 717 scriptis)
1386 669 1484 716 plura
1508 665 1632 707 inscite
1653 673 1712 707 aut

110 725 261 774 maligne
274 726 466 763 vellicant.“
493 727 652 774 Denique
676 727 711 764 in
736 727 876 764 homine
902 727 948 763 ita
966 739 1098 764 errasse
1116 727 1275 770 Gellium,
1302 731 1339 763 ut
1360 727 1535 764 Lenaeum
1551 739 1614 775 pro
1629 728 1713 765 Var-

110 795 193 820 rone
218 784 373 828 haberet,
400 788 458 820 aut
483 796 524 821 ex
549 785 695 827 Lenaeo,
735 786 831 821 cuius
858 786 983 831 scripta
1021 786 1154 821 medica
1179 785 1333 831 proxime
1358 785 1589 832 superioribus
1623 786 1712 833 capi—

111 836 203 878 tibus
229 842 584 885 commmoravisset,
625 842 777 878 fucatum
803 842 868 878 hoc
903 843 1138 878 testimonium
1170 843 1370 889 protulisse,
1409 843 1468 889 qui
1502 854 1605 889 quam
1636 843 1719 881 dili-,

113 902 236 947 genter
260 900 388 936 referat
414 900 544 936 Gellius
570 901 795 946 reputaverit,
835 900 932 936 facile
958 901 1174 946 improbabit.
1225 901 1344 937 Potuit
1378 901 1518 947 quidem
1542 901 1635 944 fieri,
1674 903 1713 936 ut

109 957 330 993 acerbissima
356 957 412 992 illa
437 957 564 992 Lenaei
589 957 723 1002 satira⁸)
751 957 859 992 malae
886 957 1013 992 Salusti
1039 959 1149 993 famae
1189 959 1430 993 admoneretur
1463 960 1508 1001 01,
1543 969 1620 993 011111
1646 958 1712 999 sibi

110 1026 181 1051 non
207 1015 303 1051 omni
329 1015 518 1061 suspitione
543 1014 652 1051 maior
678 1014 850 1052 videretur
875 1026 949 1051 esse
975 1014 1101 1051 Lenaei
1136 1015 1335 1058 auctoritas,
1373 1027 1448 1051 rem
1472 1015 1637 1051 Varronis
1663 1018 1713 1051 te-

113 1073 275 1109 stimonio
301 1073 462 1119 probaret
487 1075 588 1118 atque
614 1072 842 1116 confirmaret,
870 1074 930 1109 sed
955 1073 1012 1108 his
1038 1076 1072 1109 01
1106 1073 1228 1109 talibus
1262 1074 1472 1119 argumentis
1505 1072 1592 1109 Gelli
1625 1073 1712 1108 fides

113 1141 183 1166 non
208 1130 374 1166 minuitur
399 1130 461 1166 sed
486 1132 640 1177 augetur.

229 1187 393 1224 Varronis
420 1190 536 1224 autem
561 1187 667 1224 fidem
692 1188 728 1224 in
753 1188 875 1224 litteris
900 1199 1001 1224 nemo
1034 1188 1070 1224 in
1104 1188 1246 1224 dubium
1273 1189 1459 1231 vocaverit;
1498 1191 1533 1225 at
1569 1188 1635 1224 hac
1675 1188 1711 1224 in

110 1258 158 1289 re,
198 1257 278 1282 011111
315 1246 546 1292 Pompeianus
585 1248 675 1282 esset
686 1247 726 1289 ⁴²),
765 1246 830 1281 sibi
868 1248 1060 1292 temperare
1097 1257 1165 1281 non
1190 1239 1343 1292 potuisse
1368 1248 1464 1292 putat
1489 1246 1584 1281 Kritz
1612 1246 1710 1292 (prol.

108 1316 141 1350 p.
167 1304 240 1350 10),
269 1304 452 1350 quominus
478 1305 695 1340 adversarum
720 1304 869 1350 partium
894 1304 1026 1340 homini
1051 1304 1115 1340 sibi
1149 1304 1258 1340 inviso
1285 1303 1453 1340 maculam
1487 1303 1635 1350 aliquam
1671 1315 1713 1339 ex

109 1372 197 1409 vago
223 1362 434 1397 urbanorum
458 1372 597 1397 rumore
623 1362 782 1398 inureret.
812 1361 926 1406 Quid?
960 1362 989 1397 si
1014 1362 1124 1397 suerat
1147 1362 1196 1397 M.
1224 1362 1301 1397 Ter.
1329 1361 1438 1397 Varro
1471 1373 1559 1397 unus
1597 1372 1638 1397 ex
1664 1361 1712 1397 vi-

111 1420 200 1466 ginti
225 1419 306 1454 viris
333 1430 415 1466 agro
441 1419 615 1465 Campano
641 1419 827 1454 dividundo
860 1431 880 1454 a
906 1419 1048 1455 Caesare
1074 1419 1279 1455 constitutus
1293 1419 1333 1466 ⁵),
1367 1419 1394 1454 si
1420 1419 1604 1465 Pompeius
1637 1421 1711 1454 tum

116 1488 195 1512 011111
220 1476 390 1523 prolatum
417 1479 469 1513 081
495 1477 731 1513 testimonium
756 1477 908 1512 nondum
935 1479 1049 1522 aperte
1075 1489 1094 1512 a
1119 1476 1263 1512 Caesare
1289 1476 1449 1519 descivit,
1489 1477 1518 1511 si
1544 1476 1711 1512 Salustius

111 1534 317 1581 Pompeium
354 1546 423 1570 non
460 1534 684 1581 impugnavit,
724 1534 829 1569 immo
868 1534 940 1570 eius
977 1533 1091 1580 legem
1129 1535 1170 1570 de
1197 1534 1230 1569 vi
1256 1537 1374 1570 contra
1399 1533 1566 1570 Milonem
1591 1534 1709 1577 suasit,

112 1604 199 1629 num
216 1592 360 1639 Pompei
386 1593 499 1629 studio
525 1592 717 1629 Varronem
742 1593 928 1629 adductum
955 1603 1028 1629 esse
1054 1593 1242 1639 putaveris,
1282 1594 1319 1628 ut
1357 1592 1504 1628 Salustio
1541 1591 1712 1628 maculam

109 1651 290 1687 inureret?
315 1651 364 1686 At
389 1651 454 1686 fuit
480 1650 589 1686 Varro
604 1651 696 1696 Appi
723 1650 843 1686 Claudi
867 1650 1009 1686 Pulchri
1035 1650 1319 1686 familiarissimus
1332 1651 1371 1694 6),
1399 1650 1554 1686 Ciceroni
1579 1651 1613 1686 et
1638 1652 1712 1685 stu-

109 1709 175 1744 diis
200 1709 331 1744 eisdem
357 1711 394 1744 et
428 1710 597 1744 vetustate
628 1708 796 1744 amicitiae
832 1708 1032 1744 coniunctus
1044 1708 1082 1752 7),
1117 1708 1275 1744 1011111008
1301 1707 1415 1750 Clodi,
1455 1709 1573 1743 contra
1609 1717 1713 1753 quem

107 1766 217 1803 multa
242 1777 304 1812 per
327 1766 519 1802 Varronem
545 1766 601 1812 agi
626 1777 727 1812 posse
753 1766 954 1802 videbantur
979 1766 1187 1810 0100101118).
1226 1766 1320 1812 Appi
1344 1766 1449 1813 igitur
1474 1768 1508 1801 01
1533 1761 1709 1802 Ciceronis

109 1824 235 1866 studio,
264 1824 341 1859 odio
368 1823 465 1859 Clodi
491 1823 662 1859 maculam
687 1824 809 1859 inussit
835 1823 994 1859 Salustio.
1021 1824 1069 1859 At
1094 1823 1160 1858 illis
1186 1823 1282 1858 annis
1309 1824 1369 1868 (54
1393 1834 1502 1869 usque
1519 1822 1580 1867 51)
1607 1822 1710 1868 longe

110 1882 152 1917 ab
178 1881 263 1917 urbe
289 1881 353 1916 fuit
378 1881 514 1927 Appius
540 1880 576 1916 in
602 1880 729 1924 Cilicia,
757 1880 929 1917 Ciceronis
953 1883 1068 1917 autem
1094 1881 1256 1923 studium,
1284 1880 1380 1916 Clodi
1406 1880 1522 1916 odium
1547 1881 1714 1926 quantum

108 1939 212 1975 fuerit
236 1939 273 1974 in
298 1939 447 1974 Varrone
473 1949 514 1974 ex
540 1949 579 1974 eo
607 1938 832 1985 cognoscitur,
861 1939 953 1985 quod
982 1938 1287 1981 „mirabiliter
1312 1940 1464 1973 moratus
1490 1939 1610 1973 contra
1637 1935 1712 1972 Clo-

108 1996 204 2032 dium
229 1995 459 2032 satisfecerat“
489 1994 691 2042 Ciceroni.⁹)
741 1996 886 2031 Accedit
912 1997 1003 2042 quod
1029 2007 1069 2033 eo
1096 1998 1249 2042 tempore
1275 2007 1342 2042 quo
1378 1995 1524 2042 scriptus
1562 2004 1635 2030 esse
1660 1993 1709 2029 vi-

109 2054 210 2090 detur
234 2053 293 2089 ille
318 2053 483 2089 Varronis
509 2053 606 2096 liber,
634 2053 802 2089 Salustius
827 2054 863 2089 in
888 2054 1036 2100 gratiam
1061 2054 1190 2090 redisse
1214 2054 1399 2100 putabatur
1433 2064 1513 2089 cum
1546 2051 1711 2088 Cicerone

109 2113 144 2147 et
168 2110 309 2147 Milone.
362 2111 411 2147 Ut
449 2111 542 2147 enim
575 2110 708 2154 Catum,
748 2111 791 2148 de
824 2111 940 2147 liberis
965 2112 1162 2155 educandis,
1201 2110 1398 2154 Messalam,
1438 2110 1480 2146 de
1506 2108 1711 2151 valetudine,

225 2264 249 2302 ²)
268 2263 304 2293 Id
323 2263 403 2301 quod
423 2266 506 2293 tenet
525 2263 629 2295 Munk.
650 2263 685 2294 R.
706 2263 741 2295 L.
763 2264 800 2294 Η.
822 2264 867 2293 11⁵·
888 2264 971 2302 1877,
991 2272 1021 2303 p.
1041 2264 1106 2295 384.

225 2312 248 2350 ²)
269 2311 355 2343 Noct.
378 2313 441 2343 Att.
461 2314 490 2351 4,
511 2313 556 2343 15.

224 2360 251 2445 1),
268 2359 352 2437 {¹:222
370 2368 497 2445 sai-¹22
515 2361 641 2439 111-2,.

225 2455 250 2494 ⁸)
269 2455 345 2485 Plin.
367 2465 395 2485 n.
416 2455 486 2486 hist.
507 2457 534 2487 7.
557 2457 596 2488 52
617 2457 679 2496 (53)
703 2459 765 2489 176.

223 2504 247 2540 ο)
269 2504 325 2534 eie.
351 2503 420 2533 fam.
442 2505 468 2538 3,
490 2506 516 2539 7,
538 2505 565 2535 4.

225 2551 248 2588 ¹)
269 2550 327 2581 Cic.
349 2550 444 2582 Acad.
465 2554 542 2589 post.
565 2553 591 2583 1.
613 2553 638 2583 1.
662 2553 685 2583 1.

226 2599 250 2636 ⁸)
271 2598 335 2630 Att.
356 2600 383 2634 2.
406 2600 452 2634 22,
473 2601 493 2630 4
513 2602 544 2631 et
563 2601 589 2635 2,
610 2601 655 2635 25,
678 2602 702 2631 1.

226 2649 250 2685 ⁹)
271 2649 334 2677 Att.
357 2649 384 2686 2,
405 2649 451 2686 25,
473 2650 502 2680 1.
522 2649 549 2684 3,
571 2649 598 2687 8,
619 2650 645 2680 3.

1761 2092 1774 2119 f
1827 2101 1830 2103 Α
