1835 2802
37 686 39 688 ‚
90 652 148 671 ·=-
173 639 226 676 ed.
253 637 411 674 Maurina
435 637 542 673 Paris
572 638 663 674 1706
690 639 771 674 tom.
798 637 847 674 IV
872 648 950 685 pars
976 637 1010 674 II
1034 649 1067 685 p.
1100 638 1197 682 19Ο);
1233 637 1295 674 1113
1320 639 1453 674 iuterim
1480 649 1564 673 uxor
1598 648 1692 685 egre-

0 751 2 753 *
63 753 65 756 ’
101 756 173 793 01113
198 756 233 791 01
259 753 358 789 tertio
385 752 531 788 Messala
557 752 701 789 Corvino
727 755 761 788 et
786 754 882 800 quasi
908 764 970 800 per
994 754 1160 800 quosdam
1194 754 1321 799 gradus
1347 752 1561 799 eloquentiae
1587 753 1689 789 devo-

87 814 168 855 luta
192 814 276 849 est.“
330 811 427 857 Quod
452 812 819 858 quidemHieronymi
845 813 1079 849 testimonium
1104 823 1165 858 per
1191 823 1227 848 se
1254 811 1452 848 incredibile
1487 823 1561 848 esse
1596 811 1689 848 vide-

29 1211 31 1213 *
98 1215 387 1263 quinquagenaria
424 1215 489 1251 fuit
514 1215 672 1251 Terentia
709 1216 844 1252 divortii
878 1218 1048 1263 tempore,
1092 1217 1152 1252 sed
1186 1216 1410 1262 quadraginta
1443 1215 1592 1261 quinque
1618 1214 1688 1250 fere

25 1986 29 1988 -
87 1962 119 1998 ·1.
144 1963 181 2008 1.)
207 1964 328 2010 viginti
354 1965 536 2011 trigintave
562 1965 659 2001 3111113
686 1966 807 2001 minori
832 1968 924 2009 natu,
951 1968 1124 2012 postremo
1151 1977 1227 2001 cum
1254 1966 1355 2002 Vibio
1374 1967 1461 2002 Rufo
1487 1966 1689 2002 habitaverit

58 2173 61 2176 ,
101 2145 210 2180 neque
236 2137 283 2172 ita
307 2137 482 2183 inaequale
508 2138 610 2174 fuerit
635 2139 827 2181 conubium,
855 2142 892 2174 ut
909 2139 1097 2185 singulares
1119 2139 1192 2174 eius
1217 2140 1266 2174 rei
1290 2150 1409 2174 causae
1427 2140 1500 2174 sint
1525 2150 1689 2185 quaeren-

65 2198 68 2202 ’
97 2191 167 2227 dae.
219 2193 267 2229 Att
292 2205 371 2231 011111
404 2195 548 2231 Dietsch
574 2195 713 2242 (praef.³
746 2207 779 2242 p.
807 2197 845 2243 6)
884 2197 947 2232 nisi
985 2196 1131 2243 partium
1171 2196 1282 2232 studio
1321 2198 1379 2231 aut
1404 2196 1600 2232 divitiarum
1625 2207 1686 2243 spe

77 222 316 287 ¹“exprobrant

97 2374 180 2401 num
204 2367 310 2404 fuisse
336 2368 522 2406 Salustium
547 2380 658 2416 neque
683 2370 767 2406 adeo
792 2370 1008 2406 abhorruisse
1033 2381 1052 2406 a
1078 2370 1203 2406 divitiis
1229 2370 1430 2416 putaverim,
1458 2373 1496 2406 ut
1520 2373 1688 2417 utranque

203 152 205 154 .
412 147 420 162 ‚
459 118 541 165 quid
580 112 704 154 mirum
742 110 770 154 si
809 100 965 156 Lenaeus
1002 130 1079 157 eum
1119 93 1295 154 lurconem
1322 118 1525 155 nebulonem
1552 117 1694 164 popino-

204 161 247 214 ue'
271 176 353 212 dicit
378 178 412 212 et
436 176 557 211 Horati
583 179 868 212 commentatores
894 177 925 212 ei
959 188 1106 222 coquum
1144 177 1296 213 centenis
1323 176 1458 212 milibus
1484 177 1692 222 conduc-tum
1726 174 1729 177 ’
1766 170 1776 224 ⁷,
1793 219 1806 227 „

156 318 158 320 -
212 292 369 330 Invidiae
394 292 500 339 igitur
524 292 637 338 potius
664 303 764 339 quam
790 293 979 329 calumniae
1004 293 1069 329 ista
1094 293 1234 339 quidem
1260 292 1447 335 tribuerim,
1474 292 1534 328 sed
1559 292 1690 327 lautum

68 381 71 382 γ
92 355 229 391 ¹victum
255 349 402 386 Salustio
427 349 510 385 vitio
535 360 604 385 non
629 350 790 386 dederim.
841 350 953 386 Immo
992 351 1019 386 si
1058 352 1161 386 tantis
1187 350 1313 387 divitiis
1339 350 1444 385 miser
1470 350 1692 385 abstinuisset
1724 384 1730 388 ,

86 402 141 449 et
162 409 333 446 timuisset
357 407 525 451 1111,111110
550 419 629 444 vero
654 409 844 446 tenacitatis
870 411 971 455 atque
997 409 1269 455 turpissimarum
1304 409 1455 445 sordium
1482 410 1597 444 notam
1622 419 1691 444 non

68 468 72 471 ”
101 468 295 514 effugisset.
1784 461 1789 468 ’

210 523 393 587 Reliquum
419 525 481 565 est,
508 525 546 558 111
570 500 783 570 inquiramus
808 524 843 560 in
868 534 917 567 ea,
944 535 1031 571 quae
1057 524 1098 560 de
1125 523 1282 560 Terentia
1300 522 1474 560 Ciceronis
1500 534 1605 559 uxore
1623 522 1690 558 dis-

99 584 302 629 putaverunt
327 580 389 615 viri
415 581 515 615 docti
564 581 659 615 Haec
693 581 783 616 enim
819 582 861 616 de
888 592 927 616 ea
951 582 1055 616 refert
1089 581 1319 626 Hieronymus
1359 582 1412 626 (in
1437 581 1543 615 Iovin
1573 583 1603 623 1,
1630 581 1688 621 48,

100 699 166 745 gia,
193 707 280 743 quae
307 697 349 731 de
375 696 525 731 fontibus
551 696 716 731 Tullianis
741 696 903 732 hauserat
928 696 1166 742 eloquentiam,
1194 698 1352 742 nupsit
1378 696 1524 732 Salustio
1550 696 1688 731 inimico

99 873 153 905 tur
178 869 306 904 Kritzio
333 869 433 915 (prol.
461 880 494 914 p.
508 870 558 914 4),
585 880 663 904 nam
690 880 768 904 cum
794 870 928 904 divortii
955 875 1108 914 tempore
1134 870 1291 905 Terentia
1315 870 1495 904 minimum
1522 869 1688 915 quinqua-

99 927 236 976 genaria
261 929 362 970 03301,
390 927 515 974 quippe
540 938 627 974 quae
653 927 721 963 iam
749 928 836 964 circa
861 939 987 964 annum
1005 928 1134 972 675s79
1153 927 1307 964 Ciceroni
1326 924 1470 963 Tulliam
1489 926 1687 974 peperisset,
1786 961 1792 971 ,Α

95 986 195 1022 annis
221 988 291 1020 tam
316 985 482 1031 imparem
509 985 614 1021 fuisse
640 985 797 1029 Salustio⁷
825 988 863 1021 ut
888 986 917 1021 is
942 986 1008 1021 nisi
1034 986 1222 1032 singulares
1247 986 1412 1032 quasdam
1438 996 1557 1021 causas
1582 984 1691 1020 habu·
1756 976 1818 1008 ‘¹3³⁸'

99 1044 163 1080 erit
187 1043 394 1079 matrimonii
419 1043 558 1078 ineundi
584 1054 662 1079 cum
688 1042 761 1086 illa,
802 1043 857 1079 vix
882 1044 1053 1089 putandus
1079 1043 1125 1079 sit
1149 1044 1282 1089 integra
1308 1045 1417 1079 aetate
1451 1045 1485 1078 01
1520 1053 1556 1078 re
1591 1041 1689 1078 fami·
1815 1046 1822 1056 ‘

100 1101 174 1138 liari
208 1100 452 1137 florentissima
486 1103 555 1137 tam
592 1101 766 1148 inaequale
793 1102 987 1149 coniugium
1014 1102 1231 1148 quaesivisse.
1284 1102 1340 1137 Ad
1374 1101 1460 1137 haec
1486 1100 1689 1137 dicendum:

98 1159 246 1205 primum
283 1169 446 1193 annorum
474 1169 653 1193 numerum
692 1159 780 1194 male
818 1162 1032 1204 computasse
1067 1159 1246 1201 Kritzium,
1286 1170 1355 1193 non
1389 1159 1481 1194 enim
1507 1158 1688 1193 minimum

98 1285 202 1310 annos
226 1275 315 1316 nata,
341 1284 453 1319 neque
479 1284 567 1309 anno
593 1274 723 1320 675s79
749 1276 829 1310 nata
854 1276 906 1311 est
930 1273 1049 1317 Tullia,
1089 1275 1148 1310 sed
1186 1274 1249 1310 sub
1287 1274 1392 1309 finem
1429 1274 1509 1309 anni
1547 1272 1688 1318 678l76,

99 1342 176 1366 cum
202 1333 355 1365 extremo
381 1342 470 1365 anno
496 1331 628 1369 677l77
655 1342 796 1366 uxorem
822 1332 974 1366 duxisset
999 1331 1204 1373 Terentiam,
1232 1332 1296 1366 sub
1321 1331 1427 1366 finem
1453 1331 1532 1366 anni
1558 1330 1691 1375 690164

100 1389 133 1425 111
160 1388 415 1425 matrimonium
442 1388 537 1425 daret
563 1387 708 1425 Tulliam
734 1388 819 1425 XIII
844 1400 950 1425 anuos
976 1391 1091 1425 natam
1117 1388 1153 1426 C.
1180 1388 1296 1425 Pisoni
1321 1388 1359 1425 L.
1374 1388 1413 1426 F.
1433 1388 1540 1436 Frugi
1567 1386 1687 1427 (Klotz.

100 1447 285 1481 memorab.
312 1447 401 1481 vitae
428 1445 496 1481 Cic.
524 1447 566 1481 ad
591 1450 692 1484 ann).
731 1446 828 1482 Idem
854 1447 924 1482 fere
951 1448 1131 1482 conficitur
1156 1458 1197 1482 ex
1222 1447 1333 1482 Dione
1359 1447 1488 1489 Cassio,
1515 1446 1685 1492 siquidem

98 1503 291 1538 Terentiam
318 1502 514 1549 (Gerlach.2
537 1503 643 1548 praef.
669 1503 814 1549 XVIH),
853 1514 922 1539 non
947 1503 1127 1539 Publiliam
1154 1504 1376 1550 significavit,
1415 1515 1494 1539 cum
1524 1503 1609 1538 haec
1643 1503 1686 1537 de

97 1560 197 1596 Vibio
222 1560 311 1596 Rufo
336 1561 475 1606 scripsit
500 1561 574 1607 (57,
602 1560 657 1603 15,
684 1561 741 1607 6):
774 1557 917 1606 Οὐίβιος
941 1560 1091 1609 (Ροῦφος
1114 1562 1164 1608 τῷ
1188 1562 1250 1596 τοῦ
1277 1558 1456 1608 Καίσαρος
1480 1558 1593 1608 δίφρῳ
1609 1589 1615 1596 .
1632 1589 1639 1597 .
1656 1589 1663 1596 .
1680 1589 1688 1596 .

97 1614 220 1664 ἐχρῆτο
246 1645 253 1652 .
281 1643 288 1651 .
317 1645 324 1653 .
351 1615 408 1651 καὶ
432 1617 474 1664 τῇ
506 1618 568 1651 τοῦ
602 1615 797 1664 Κικέρωνος
828 1616 959 1663 γυναικὶ
984 1618 1137 1664 συνῴκει,
1171 1618 1420 1663 σεμνυνόμείιος
1451 1616 1509 1665 ἐφ’
1538 1614 1689 1663 ἑκατέρῳ

99 1670 216 1722 ἅσπερ
242 1669 266 1722 ἢ
290 1674 349 1709 διὰ
372 1673 436 1722 τήν
468 1675 610 1721 γυναῖκα
633 1674 744 1723 ῥήτωρ
769 1670 792 1723 ἢ
822 1674 882 1710 διὰ
912 1675 972 1710 τὸν
1006 1672 1129 1724 δίφρον
1163 1676 1303 1722 Καῖσαρ
1336 1672 1543 1721 ἑσόμενὸςῑ).
1596 1675 1691 1720 Quae

101 1742 179 1766 011111
203 1733 238 1767 111
263 1743 390 1767 3111111111
417 1732 497 1768 Chr.
526 1733 569 1768 16
595 1733 648 1768 vel
675 1733 718 1768 15
744 1733 924 1768 referenda
949 1734 1028 1776 sint,
1056 1737 1091 1770 et
1116 1736 1254 1770 centum
1288 1737 1324 1769 et
1348 1737 1417 1769 tres
1441 1745 1548 1769 annos
1575 1733 1689 1778 exple-

97 1788 184 1826 verit
209 1789 367 1826 Terentia
392 1789 497 1838 (Plin.
524 1801 556 1826 n.
583 1789 618 1825 h.
647 1790 678 1834 7,
704 1790 761 1835 48,
790 1791 865 1837 (49)
896 1790 988 1836 158),
1027 1794 1105 1838 post
1129 1802 1255 1827 annum
1290 1791 1421 1839 664J90
1445 1792 1524 1827 nata
1549 1801 1617 1826 non
1643 1790 1690 1826 ita

99 1847 208 1893 impar
234 1850 347 1884 aetate
372 1849 437 1884 fuit
462 1848 618 1892 Salusffio,
646 1852 685 1884 ut
709 1850 964 1886 matrimonium
991 1851 1120 1886 factum
1147 1862 1221 1886 esse
1246 1851 1339 1886 credi
1364 1861 1433 1886 non
1458 1852 1583 1895 posset.
1623 1849 1691 1885 Ac·-

98 1904 188 1939 cedit
213 1904 390 1941 Terentiae
417 1906 523 1953 vigor,
550 1916 636 1952 quae
662 1908 780 1952 postea
798 1917 876 1942 cum
893 1908 1048 1953 nupserit
1066 1908 1165 1942 tertio
1183 1907 1352 1943 Messalae
1370 1906 1514 1942 Corvino
1533 1906 1686 1945 (Hieron.

98 2019 185 2064 (Dio.
212 2020 303 2057 Cass.
329 2022 352 2057 1.
363 2022 412 2066 L),
446 2025 481 2057 et
506 2024 644 2057 centum
670 2024 739 2057 tres
764 2033 869 2058 annos
896 2023 1080 2069 expleverit
1106 2023 1207 2068 (Plin.
1235 2023 1256 2058 l.
1280 2023 1331 2069 1.),
1372 2035 1411 2058 00
1437 2024 1574 2069 quidem
1601 2026 1687 2059 tem-

95 2087 188 2123 pore,
215 2088 293 2115 cum
318 2079 467 2116 mediam
493 2080 564 2116 fere
589 2081 733 2116 aetatem
759 2082 886 2128 ageret,
913 2081 1029 2117 nescio
1054 2092 1096 2116 an
1122 2081 1274 2128 vegetior
1300 2080 1402 2117 etiam
1422 2080 1523 2117 fuerit
1541 2080 1686 2117 Salustio

98 2249 286 2287 Salustium
311 2256 349 2289 ut
374 2254 568 2290 Terentiam
599 2254 739 2290 duceret
768 2254 890 2290 adduci
921 2266 989 2291 non
1022 2255 1174 2301 potuisse
1209 2257 1354 2297 statuat,
1393 2257 1494 2301 atque
1532 2257 1688 2291 neutram

97 2317 230 2344 causam
255 2310 290 2345 in
316 2311 503 2347 Salustium
528 2312 649 2347 cadere
675 2312 872 2354 contendat,
912 2323 976 2359 ego
1010 2323 1121 2358 neque
1146 2324 1165 2348 a
1190 2312 1338 2358 partium
1370 2313 1484 2348 studio
1510 2315 1579 2348 tam
1606 2313 1688 2348 alie-

217 2511 236 2547 ¹)
257 2511 299 2543 ef.
313 2512 414 2543 Iuven.
436 2517 492 2543 sat.
513 2516 539 2551 7,
561 2515 616 2545 213
637 2523 694 2552 sq.:

258 2559 317 2589 Sed
336 2560 448 2592 Rufum
466 2565 535 2599 atqe
556 2562 629 2592 alios
649 2562 748 2592 caedit
767 2570 822 2592 sua
841 2571 986 2600 quemque
1006 2562 1152 2601 iuventus,

256 2605 376 2646 Rufum,
397 2617 484 2647 quem
504 2610 592 2641 toties
611 2609 782 2641 Ciceronem
802 2609 964 2651 Allobroga
983 2610 1066 2642 dixit.
