1835 2802
0 0 104 50 ffl-»Tffi
130 0 223 16 *κη-’.ς’
245 0 266 17 5.,
289 0 293 6 ·
372 0 393 16 ’,ι
436 0 484 14 ,un
513 0 543 10 ,η

155 19 157 22 -
185 20 190 36 ;
221 24 223 27 ,

0 47 48 75 res·
69 50 71 52 ’
96 47 100 52 ’
129 36 184 79 Μ

0 85 47 108 '‘3⁷5st

3 111 16 134 ς,
103 110 107 120 ¹

135 200 341 245 sequeretur
366 198 572 241 obscuritas,
610 199 763 243 novitas,
800 198 1000 235 inusitatum
1033 199 1169 237 dicendi
1198 211 1318 248 genus.
1369 200 1418 238 Ut
1439 200 1533 238 enim
1571 199 1641 239 o'mi
1675 187 1730 202 Ἦ)

136 257 262 294 Lenaei
288 258 503 300 sententiam,
531 257 589 303 qui
615 258 750 303 scriptis
775 260 1031 293 monstruosum
1050 258 1135 293 dixit
1152 258 1346 301 Salustium,
1376 259 1512 295 Atteiua
1528 254 1734 305 Philologus

135 313 184 348 nil
209 314 300 349 aliud
326 314 492 349 suassisse
517 314 640 349 dicitur
666 314 788 349 Asinio
814 314 976 357 Pollioni,
1015 325 1118 360 quam
1152 317 1190 350 ut
1225 318 1306 351 noto
1340 315 1499 362 civilique
1532 317 1568 352 et
1592 315 1729 363 proprio
1777 322 1795 350 {1⁷

107 399 109 403 .
137 381 294 407 sermone
321 373 484 413 uteretur,
512 371 701 417 vitaretque
726 372 874 407 maxime
900 372 1145 408 obscuritatem
1170 372 1296 409 Salusti
1322 375 1358 408 et
1374 373 1550 409 audaciam
1566 373 1603 409 in
1621 374 1731 409 trms-
1795 374 1800 378 ’

135 428 319 463 lationibus
346 429 457 473 (Suet.
484 439 628 474 gramm.
658 429 704 463 10
729 430 839 473 extr.).
879 428 1000 463 Eidem
1025 429 1145 464 Asinio
1171 429 1315 466 Pollioni
1339 430 1375 465 in
1400 430 1548 475 quadam
1574 427 1799 477 epistula,

137 496 240 531 quam
266 486 308 520 ad
334 485 500 520 Plancum
527 485 679 531 scripsit,
720 488 754 521 et
779 485 981 531 quibusdam
1007 485 1081 521 aliis
1116 486 1152 522 G.
1180 486 1304 523 Salusti
1329 487 1455 534 iniquis
1481 487 1624 534 dignum
1650 477 1732 523 nota

136 543 247 578 visum
273 546 342 585 est,
378 544 469 589 quod
503 544 538 578 in
571 544 682 588 primo
708 543 923 579 historiarum
957 544 1061 579 maris
1095 545 1274 579 transitum
1307 545 1612 590 transmissumque
1637 544 1730 580 navi·
1755 537 1768 570 s
1792 543 1798 560 ⁵

136 601 201 636 bus
225 601 353 636 factum
384 603 675 647 „transgressum“
705 600 896 647 appellavit,
925 612 1049 647 eosque
1083 602 1142 647 qui
1174 601 1299 638 fretum
1334 602 1607 645 transmiserant,
1646 612 1732 648 quos
1793 630 1827 653 4„

137 659 372 694 transfretasse
399 658 466 693 dici
491 658 629 693 solitum
655 661 716 701 est,
740 661 1011 705 „transgressos“
1041 659 1126 694 dixit
1141 660 1176 702 1).
1794 650 1800 654 Δ

254 716 350 750 Titus
376 718 490 750 autem
517 715 644 757 Livius,
672 726 774 760 quem
801 716 929 751 Seneca
955 716 1068 761 (Suas.
1095 717 1134 761 6)
1168 717 1446 753 candidissimum
1480 716 1632 752 omnium
1658 726 1730 751 ma-

136 784 282 818 gnorum
310 773 524 818 ingeniorum
550 773 801 808 aestimatorem
828 773 919 815 dicit,
946 776 1015 807 tam
1040 773 1175 818 iniquus
1194 773 1340 808 Salustio
1359 774 1432 817 fuit,
1460 777 1497 808 ut
1514 773 1729 814 sententiam,
1782 778 1783 782 ’
1820 781 1823 785 ’

137 841 240 875 quam
274 841 315 864 ex
339 830 477 864 Graecis
504 829 714 875 Thucydidis
728 830 754 872 2)
780 829 888 863 δεινάι
913 829 975 875 γὰρ
1001 826 1037 863 αἱ
1061 827 1245 876 εὐπραξίαι
1263 830 1457 877 συγκρύψαι
1473 828 1531 864 καὶ
1548 829 1732 864 συσκιάσαι

136 886 181 921 τὰ
205 883 358 921 ἑκάστων
385 886 613 934 ἁμαρτήματα
638 890 851 933 expresserat
875 888 930 923 his
951 888 1082 923 verbis:
1110 899 1164 924 res
1182 889 1350 925 secundae
1367 889 1453 924 mire
1470 890 1551 924 sunt
1567 888 1657 924 vitiis
1675 888 1733 923 ob-

138 946 258 985 tentui,
286 948 460 990 tamquam
489 948 683 990 corruptam
708 946 789 979 dum
816 945 1017 979 transfertur
1052 946 1203 980 obiceret
1236 946 1397 980 Salustio.
1448 946 1516 981 Sed
1555 948 1648 980 recte
1687 945 1752 980 de·

139 1013 178 1037 eo
205 1002 336 1037 Seneca
363 1001 495 1046 (Contr.
524 1003 556 1043 4,
584 1002 639 1043 24,
666 1013 699 1047 p.
727 1002 797 1037 274
822 1002 934 1047 Bip.):
972 1002 1046 1037 Nec
1080 1001 1145 1037 hoc
1171 1014 1284 1038 amore
1310 1002 1520 1048 Thucydidis
1555 1002 1654 1044 facit,
1695 1003 1733 1037 ut

138 1059 235 1095 illum
261 1060 448 1105 praeferat3
475 1059 598 1100 laudat,
627 1070 728 1104 quem
754 1071 822 1094 non
848 1060 946 1094 timet
971 1062 1005 1094 et
1030 1059 1161 1094 facilius
1186 1062 1282 1105 putat
1307 1071 1404 1105 posse
1440 1071 1459 1094 a
1484 1071 1520 1095 se
1547 1059 1730 1095 Salustium

139 1117 238 1157 vinci,
266 1117 294 1150 si
320 1119 397 1151 ante
424 1128 442 1150 a
469 1116 668 1161 Thucydide
695 1116 857 1151 vincatur.
910 1116 994 1150 Cum
1022 1116 1124 1162 igitur
1150 1117 1192 1151 ob
1226 1127 1363 1161 pravam
1389 1117 1559 1162 quandam
1586 1115 1733 1151 aemula-

139 1174 267 1209 tionem
294 1174 448 1209 infestior
473 1173 579 1209 fuisse
608 1173 757 1209 videatur
783 1174 916 1217 Livius,
958 1185 1025 1209 non
1059 1174 1193 1216 dubito,
1248 1175 1329 1220 quin
1363 1174 1548 1210 Salustium
1581 1184 1732 1220 pungere

139 1232 291 1274 voluerit,
319 1232 377 1267 ubi
404 1233 445 1266 de
472 1232 671 1273 oratoribus,
708 1232 765 1277 qui
793 1232 893 1267 verba
927 1232 1064 1277 antiqua
1097 1235 1130 1267 et
1165 1232 1300 1266 sordida
1334 1234 1571 1267 consectantur
1602 1234 1636 1266 et
1662 1243 1734 1266 ora-

138 1291 240 1325 tionis
267 1290 512 1325 obscuritatem
538 1289 752 1324 severitatem
787 1291 924 1334 putant,
965 1289 1157 1324 Miltiadem
1190 1288 1363 1324 rhetorem
1398 1289 1570 1334 eleganter
1607 1288 1731 1324 dixisse

137 1348 201 1382 ait:
250 1345 312 1381 ἐπὶ
344 1347 385 1380 ‘cri
425 1346 577 1392 πλήσιον
615 1343 804 1390 μαίνονται.
865 1345 993 1390 Quibus
1035 1346 1118 1381 haec
1153 1346 1246 1381 addit
1284 1346 1413 1381 Seneca
1451 1345 1577 1388 (Gontr.
1604 1346 1637 1380 4.
1676 1345 1732 1387 25,

139 1417 171 1451 p.
199 1405 269 1441 284
294 1408 382 1450 sq.):
420 1407 535 1439 tamen
560 1404 595 1438 in
621 1404 661 1438 iis
687 1403 806 1444 etiam,
844 1404 872 1438 si
897 1404 1011 1438 minus
1037 1406 1088 1438 est
1113 1403 1280 1445 insaniae,
1321 1403 1434 1438 minus
1459 1403 1531 1449 spei
1557 1405 1617 1439 est.
1668 1401 1732 1444 Illi,

140 1463 199 1508 qui
225 1464 359 1497 tument
385 1464 418 1495 et
444 1461 650 1495 abundantia
675 1461 838 1501 laborant,
866 1460 941 1505 plus
967 1460 1095 1495 habent
1120 1460 1243 1495 furoris
1269 1461 1329 1494 sed
1354 1460 1430 1505 plus
1450 1460 1553 1495 etiam
1571 1459 1735 1506 eorporis:

139 1519 282 1566 Semper
320 1522 432 1554 autem
471 1519 513 1553 ad
552 1517 731 1553 sanitatem
766 1517 947 1563 proclivius
987 1520 1055 1559 est,
1095 1518 1186 1563 quod
1220 1520 1346 1563 potest.
1364 1517 1572 1553 detractione
1604 1517 1734 1559 curari;

137 1578 186 1613 illi
220 1578 371 1612 succurri
405 1588 473 1611 non
508 1578 639 1621 potest,
679 1576 737 1621 qui
772 1575 873 1610 simul
909 1578 941 1610 et
975 1576 1100 1610 insanit
1131 1578 1164 1610 et
1190 1575 1315 1611 deficit.
1363 1575 1444 1610 Non
1469 1576 1574 1621 igitur
1598 1575 1732 1617 minuit,

139 1635 198 1670 sed
225 1636 327 1679 auget
353 1633 583 1678 opprobrium.
623 1632 746 1677 Neque
772 1632 858 1667 nihil
885 1632 1046 1677 opprobri
1071 1632 1160 1667 inest
1186 1634 1220 1668 et
1246 1632 1280 1667 in
1306 1631 1372 1667 illis
1398 1631 1597 1677 Quintiliani
1614 1631 1734 1674 verbis,

139 1703 226 1738 quae
252 1702 355 1737 supra
380 1690 665 1731 memoravimus,
705 1692 738 1725 et
763 1690 798 1725 in
823 1689 877 1725 his
919 1689 1015 1733 (Inst.
1043 1701 1090 1726 or.
1118 1691 1158 1732 9,
1186 1691 1226 1732 3,
1257 1690 1297 1725 11
1326 1691 1434 1735 sqq.):
1465 1689 1737 1731 ‚Transferuntur

139 1752 173 1784 et
199 1752 353 1794 tempora
380 1776 386 1782 .
417 1777 421 1782 .
453 1776 458 1782 .
488 1751 522 1782 et
548 1749 657 1781 status
685 1775 690 1781 .
721 1776 726 1782 .
757 1775 763 1781 .
791 1749 825 1781 et
850 1758 892 1781 ne
918 1757 1047 1783 morer,
1085 1757 1145 1791 per
1180 1746 1293 1781 omnia
1325 1757 1451 1791 genera
1483 1756 1544 1792 per
1577 1757 1663 1792 quae
1696 1745 1736 1781 fit

138 1806 371 1842 soloecismus.
424 1804 518 1839 Haec
544 1815 679 1850 quoque
705 1806 766 1845 est,
794 1815 897 1849 quam
922 1799 1083 1850 ἑτέρωσιν
1108 1806 1237 1846 vacant,
1266 1803 1318 1839 cui
1344 1815 1413 1839 non
1438 1803 1613 1839 dissimilis
1638 1801 1736 1848 ἔξαλ-

141 1863 227 1910 λαγή
255 1864 398 1898 dicitur:
438 1865 476 1897 ut
502 1863 592 1906 apud
619 1861 804 1896 Salustium
835 1861 978 1907 „Neque
1016 1872 1054 1896 ea
1088 1873 1142 1896 res
1168 1861 1290 1897 falsum
1318 1873 1372 1896 me
1398 1862 1537 1896 habuit“
1567 1864 1601 1897 et
1630 1861 1736 1903 „Duci

138 1922 312 1967 probare.“
368 1920 421 1954 Ex
448 1919 571 1966 quibus
597 1918 667 1954 fere
693 1920 827 1964 praeter
851 1918 1036 1954 novitatem
1064 1917 1210 1954 brevitas
1245 1918 1347 1954 etiam
1382 1918 1452 1966 peti
1486 1917 1581 1955 solet.
1633 1917 1737 1954 Unde

256 2055 279 2090 ²)
301 2053 375 2082 Gell.
399 2052 434 2082 N.
457 2053 492 2081 A.
517 2052 560 2088 10,
582 2052 628 2089 26,
651 2052 665 2081 1
688 2051 754 2081 coll.
778 2052 821 2087 10,
843 2052 888 2084 26,
910 2052 1013 2089 6-10,
1034 2051 1085 2080 ubi
1105 2051 1263 2090 opprobrio
1290 2051 1400 2081 liberat
1419 2051 1582 2081 Salustium
1602 2050 1649 2082 his
1669 2059 1734 2082 ver-

138 2102 197 2132 bis:
219 2101 278 2131 Sed
299 2109 408 2138 quaero
429 2109 492 2137 ego,
515 2108 568 2129 cur
588 2108 655 2137 non,
676 2099 764 2128 sicuti
785 2099 907 2134 ,cursus'
929 2099 1047 2130 navium
1058 2102 1139 2130 recte
1154 2099 1213 2131 dici
1227 2099 1333 2137 solent,
1354 2099 1394 2129 ita
1409 2100 1630 2138 ,transgressus‘
1643 2099 1734 2129 etiam

139 2150 263 2179 navibus
284 2149 381 2178 factus
402 2148 460 2177 dici
481 2148 595 2184 possit?
616 2147 791 2185 praesertim
813 2156 879 2176 cum
900 2148 1030 2176 brevitas
1050 2154 1112 2177 tam
1132 2147 1254 2185 angusti
1275 2147 1376 2185 fretus,
1399 2147 1449 2185 qui
1470 2150 1583 2177 terram
1602 2146 1736 2177 Africam

137 2196 373 2237 Hispaniamque
402 2195 561 2233 interfluit,
592 2194 807 2233 elegantissimo
836 2195 1078 2234 transgressionis
1106 2195 1248 2225 vocabulo
1278 2196 1362 2234 quasi
1395 2204 1558 2234 paucorum
1591 2195 1737 2234 graduum

137 2246 267 2286 spatium
289 2245 413 2275 definita
433 2245 526 2274 sit...
548 2243 709 2282 Appetitas
728 2252 816 2281 porro
836 2244 1004 2274 huiusmodi
1024 2244 1234 2274 translationes
1247 2245 1424 2282 habitasque
1445 2253 1509 2275 esse
1529 2252 1585 2283 pro
1596 2244 1735 2274 honesta-

137 2295 245 2324 mentis
266 2294 417 2329 0rationis,
440 2292 599 2321 Lucretius
620 2300 737 2328 quoque
757 2292 958 2321 testimonium
989 2293 1019 2321 in
1044 2293 1103 2321 hac
1132 2292 1234 2321 eadem
1263 2301 1335 2321 voce
1354 2292 1436 2321 dicit.
1476 2292 1511 2320 In
1532 2290 1736 2328 quarto-enim

137 2342 214 2371 libro
235 2342 394 2370 clamorem
415 2348 467 2378 per
488 2339 613 2369 arterias
634 2341 663 2367 et
684 2338 785 2368 fauces
806 2339 992 2377 gradientem
1013 2339 1094 2374 dicit,
1125 2338 1203 2377 quod
1234 2342 1279 2370 est
1305 2339 1395 2369 nimio
1416 2339 1621 2378 confidentius,
1649 2345 1737 2381 quam

139 2391 214 2420 illud
235 2391 272 2420 de
294 2390 418 2419 navibus
442 2388 653 2418 Salustianum.
695 2387 857 2425 Propterea
877 2388 1025 2417 Salustius
1045 2388 1075 2417 in
1097 2388 1200 2417 eodem
1227 2388 1303 2417 libro
1328 2397 1386 2417 non
1408 2397 1457 2417 eos
1476 2389 1587 2422 solum,
1614 2387 1664 2425 qui
1684 2394 1737 2416 na-

138 2439 223 2468 vibus
243 2439 428 2471 veherentur,
450 2436 502 2466 sed
524 2439 553 2464 et
573 2435 700 2472 scaphas
720 2444 837 2471 quoque
858 2439 964 2465 nantes
992 2436 1184 2473 ,progressas‘
1212 2436 1291 2466 dicit.
1333 2436 1432 2465 Verba
1457 2436 1519 2472 ipsa
1556 2435 1593 2465 de
1619 2432 1738 2472 scaphis

139 2486 241 2525 posui:
273 2486 384 2515 Earum
415 2485 493 2514 aliae
524 2482 679 2522 paululum
701 2491 874 2520 progressae
895 2484 985 2513 nimio
1005 2484 1093 2513 simul
1114 2486 1144 2513 et
1164 2484 1278 2513 incerto
1297 2492 1394 2521 onere,
1416 2492 1482 2512 cum
1502 2491 1594 2520 pavor
1614 2488 1739 2521 corpora
1825 2509 1835 2524 ,Α

139 2534 315 2571 agitaverat,
337 2534 588 2572 deprimebantur.
1811 2543 1835 2592 ᾗ

254 2583 277 2619 ²)
299 2582 335 2611 cf.
357 2582 440 2611 Deffl-
463 2583 486 2611 2-
516 2583 553 2612 20
578 2578 614 2616 αὶ
639 2581 803 2625 effugiat
831 2580 940 2615 δειναὶ
967 2579 1160 2627 συγκρύψαι
1185 2580 1229 2614 τοὶ
1252 2580 1397 2614 τοιαῦτα
1422 2577 1544 2627 ὀνείδη.
1583 2577 1740 2609 muana
1782 2589 1824 2608 ’ς

138 2629 177 2659 ad
198 2629 254 2659 loc.
1776 2626 1779 2632 “
