1835 2802
111 204 188 240 qua,
215 204 295 231 cum
319 194 433 240 plures
458 195 665 240 exprobrent
690 194 849 238 Salustio,
876 195 1015 232 uberius
1040 196 1282 242 exponendum
1306 198 1368 233 est.

227 251 427 290 Mommsen
452 253 544 288 enim
571 253 628 294 (H.
645 253 684 288 R
700 252 781 289 111.⁴
797 254 884 300 183)
910 254 945 291 id
971 254 1063 299 quod
1088 265 1190 300 supra
1214 253 1488 297 memoravimus,
1515 253 1667 302 Salustii

113 309 280 346 Catilinae
317 309 548 345 coniuratione
582 309 708 346 librum
742 309 894 345 Caesaris
928 310 1024 356 quasi
1049 310 1241 358 apologiam
1267 321 1342 348 esse
1368 311 1468 352 dicit,
1508 320 1576 356 qua
1608 311 1733 357 poju-
1757 306 1779 330 s

109 366 199 404 lares
229 369 344 414 partes
369 367 587 405 commendet
613 366 861 415 Caesaremque
887 370 968 405 nota
1000 368 1116 405 inusta
1141 371 1276 417 purget,
1309 368 1413 407 simul
1446 367 1484 405 C.
1510 367 1711 414 Antonium,
1744 366 1746 368 ’
1772 362 1810 423 j}

110 425 155 460 M.
187 426 317 461 Antoni
344 426 510 461 triumviri
537 437 637 461 avum
662 430 812 468 excuset,
840 427 968 462 bellum
993 426 1237 473 Iugurthinum
1263 429 1379 466 autem
1396 427 1486 465 Mari
1512 427 1610 473 quasi
1634 426 1706 465 lau-
1741 446 1743 448 ·

108 482 283 519 dationem
310 483 490 519 funebrem
517 493 601 519 esse.
653 484 809 520 Partium
835 484 939 530 igitur
964 484 1076 520 studio
1102 485 1226 521 ductus
1245 495 1321 520 esse
1339 485 1371 520 ei
1388 485 1522 522 videtur
1541 483 1711 534 Salustius

108 551 220 586 neque
246 552 287 576 eo
313 541 454 587 infringi
481 541 586 577 immo
614 553 693 577 vero
728 542 922 578 confirmari
957 542 1181 584 sententiam,
1220 543 1311 589 quod
1350 543 1385 578 id
1423 542 1604 580 consilium
1639 544 1716 580 stu-

108 597 272 642 diumque
301 597 468 633 Salustius
495 609 665 643 nusquam
690 599 812 644 prodat
836 610 949 644 neque
974 599 1077 634 verbo
1103 599 1283 645 significet.
1310 600 1447 645 Atqui
1467 600 1712 643 Salustius,

108 665 203 689 cum
230 654 323 689 sibi
349 655 544 690 animum
570 667 590 690 a
614 656 827 701 partibus
863 655 1057 692 liberum
1093 667 1192 692 esse
1228 667 1371 702 neque
1409 668 1453 693 se
1491 657 1713 697 diversam

109 714 282 756 partem
308 712 342 746 in
369 712 525 748 civilibus
551 713 656 748 armis
682 713 830 749 movisse
856 725 874 748 a
900 724 979 749 vero
1008 714 1101 758 (hist.
1129 715 1170 749 fr.
1200 715 1230 757 1,
1258 715 1295 758 6)
1330 715 1476 757 diceret,
1511 718 1570 750 aut
1595 716 1711 760 aperte

107 769 271 805 mentitus
297 772 359 809 est,
389 772 447 804 aut
471 770 610 816 gravius
636 771 669 805 in
697 781 775 806 eum
802 770 972 807 consuluit
997 771 1204 807 Mommsen.
1245 771 1360 817 Atque
1386 771 1422 807 in
1448 770 1614 809 Catilinae
1632 781 1712 817 con-

108 826 275 861 iuratione
301 828 490 862 enarranda
516 839 583 872 qua
609 828 652 862 sit
668 827 835 864 Salustius
860 828 929 864 fide
955 831 989 863 et
1013 829 1214 864 auctoritate
1240 829 1409 864 uberrime
1444 829 1602 875 exposuit
1625 828 1710 865 Ger-

107 882 228 927 laem),
244 894 353 929 nuper
367 884 495 929 optime
514 885 669 930 exposuit
687 887 788 930 atque
807 895 883 921 meo
901 886 1041 931 quidem
1059 886 1185 921 iudicio
1202 885 1299 921 litem
1317 886 1508 932 composuit
1520 885 1710 932 Dietech2),

108 941 166 986 qui
206 940 291 976 haec
330 941 399 976 fere
438 942 567 984 statuit,
609 942 795 978 Salustium
834 954 902 978 non
939 943 1047 978 solum
1086 942 1223 979 sceleris
1256 945 1358 989 atque
1391 942 1533 989 periculi
1558 942 1710 980 novitate

109 997 201 1040 (Cat.
217 999 250 1039 4,
264 999 314 1042 4),
341 1000 402 1034 sed
429 999 531 1035 etiam
558 999 610 1042 iis,
638 1011 725 1045 quae
752 999 906 1035 Caesaris
931 1001 1072 1035 caedem
1097 1004 1232 1037 secutae
1258 1003 1347 1043 sunt,
1376 1001 1668 1037 criminationibus
1682 1001 1711 1047 ⁸)

107 1055 293 1090 adductum
320 1066 404 1097 esse,
433 1059 471 1092 ut
496 1057 538 1092 de
565 1056 731 1092 Catilinae
758 1057 990 1093 coniuratione
1015 1058 1131 1103 paucis
1157 1058 1297 1104 quidem
1323 1058 1383 1094 sed
1401 1069 1504 1104 quam
1522 1058 1710 1096 verissume

110 1115 226 1159 posset
251 1113 452 1151 absolveret.
506 1113 668 1157 Quamvis
706 1115 797 1150 enim
836 1115 1036 1151 recessisset
1074 1127 1093 1150 a
1129 1127 1166 1151 re
1192 1115 1328 1161 publica
1367 1116 1508 1162 eiusque
1543 1116 1708 1162 partibus,

107 1170 264 1215 quamvis
291 1170 357 1205 sibi
383 1176 474 1206 esset
500 1172 634 1206 animus
660 1183 680 1206 a
705 1183 764 1217 spe
791 1175 885 1207 metu
912 1173 1065 1218 partibus
1090 1173 1137 1208 rei
1164 1172 1319 1218 publicae
1344 1173 1452 1215 liber,
1491 1176 1607 1209 tamen
1639 1184 1709 1211 non

102 1227 236 1271 potuit,
271 1228 353 1272 quin
378 1227 560 1263 Caesarem
587 1229 728 1274 eiusque
753 1232 991 1270 assectatores,
1030 1230 1064 1264 in
1092 1240 1238 1274 quorum
1264 1241 1406 1265 numero
1432 1231 1553 1269 suisset
1577 1231 1664 1276 ipse,
1691 1242 1710 1266 a

108 1283 204 1321 falsis
230 1283 298 1319 illis
325 1284 631 1327 criminationibus,
659 1286 782 1331 quibus
809 1287 1051 1323 coniurationis
1077 1287 1226 1323 fautores
1253 1287 1405 1333 adeoque
1430 1290 1586 1326 auctores
1600 1288 1708 1326 fuisse

107 1342 350 1388 arguebantur,
378 1343 580 1378 defenderet
605 1346 708 1389 atque
734 1343 906 1380 liberaret.
958 1344 1074 1390 Atque
1101 1345 1147 1380 ita
1175 1344 1336 1388 defendit,
1371 1348 1408 1380 ut
1432 1356 1528 1381 veras
1554 1345 1710 1383 coniura-

107 1399 213 1436 tionis
241 1411 361 1436 causas
388 1401 535 1446 aperiat,
575 1411 655 1436 vera
690 1401 844 1437 Caesaris
876 1401 1018 1437 consilia
1044 1401 1224 1448 studiaque
1249 1402 1416 1448 proferat,
1452 1403 1544 1449 quod
1570 1403 1710 1450 quidem

107 1458 173 1493 hoc
200 1458 312 1494 verius
337 1458 452 1500 facere
477 1460 597 1505 potuit,
626 1460 717 1505 quod
741 1460 814 1506 ipse
842 1459 972 1496 viderat
998 1462 1100 1506 atque
1137 1464 1357 1506 perspexerat
1381 1461 1651 1498 coniurationem
1676 1464 1710 1498 et

106 1516 155 1550 rei
182 1516 332 1553 novitate
358 1517 535 1562 perculsus
561 1517 602 1552 de
627 1528 669 1552 ea
694 1517 842 1553 scribere
868 1518 935 1553 iam
962 1518 1004 1552 ab
1029 1517 1169 1553 ineunte
1194 1520 1305 1554 aetate
1323 1523 1556 1564 proposuerat.
1583 1519 1706 1565 Neque

107 1573 212 1620 igitur
238 1574 406 1610 mentitus
431 1577 484 1610 est
509 1573 698 1617 Sallustius,
726 1585 837 1621 neque
862 1574 1068 1618 Mommsen,
1096 1576 1125 1611 si
1143 1576 1229 1613 bene
1247 1574 1488 1623 intellegantur
1505 1577 1577 1613 eius
1595 1577 1706 1621 verba,

107 1632 246 1677 gravius
273 1632 307 1667 in
333 1643 413 1667 eum
440 1632 620 1668 consuluit.
673 1633 887 1678 Quamquam
922 1633 1118 1669 Mommsen
1155 1636 1193 1668 ut
1231 1634 1265 1672 in
1299 1634 1373 1670 aliis
1410 1635 1456 1671 ita
1494 1635 1530 1669 in
1568 1634 1632 1670 hac
1668 1645 1707 1671 re

107 1688 217 1724 nimia
244 1699 327 1727 usus
353 1691 407 1724 est
432 1689 535 1724 iudici
561 1689 698 1725 levitate
724 1689 973 1736 verborumque
1000 1690 1185 1726 acerbitate
1210 1701 1321 1737 neque
1347 1691 1436 1727 facili
1461 1692 1600 1738 negotio
1618 1691 1704 1735 mihi
1764 1742 1766 1744 Ι
1804 1712 1822 1742 ,3

111 1746 315 1792 probaverit,
344 1746 471 1782 bellum
497 1747 741 1793 Iugurthinum
768 1747 855 1783 Mari
882 1759 963 1783 esse
984 1748 1223 1789 laudationem.
1275 1749 1326 1785 De
1360 1748 1470 1785 Mario
1505 1749 1597 1786 enim
1622 1749 1705 1795 quid

105 1804 262 1847 senserit,
290 1815 393 1849 supra
418 1805 648 1850 exposuimus.

224 1861 406 1906 Quaeritur
430 1862 498 1897 iam
524 1873 607 1897 num
635 1862 803 1898 Salustius
828 1863 976 1908 partium
1003 1863 1115 1899 studio
1141 1875 1160 1899 a
1194 1874 1273 1900 vero
1308 1864 1499 1903 abstractus
1538 1864 1581 1901 de
1616 1864 1706 1911 ,opti-

108 1920 252 1956 matium
277 1920 496 1965 maximeque
522 1919 697 1956 Ciceronis
732 1920 888 1956 laudibus
923 1932 1031 1966 aequo
1065 1920 1143 1967 plus
1176 1921 1372 1961 detraxerit.
1423 1921 1539 1967 Atque
1562 1921 1705 1965 Metelli,

109 1976 235 2019 Sullae,
265 1977 405 2013 Catonis
430 1977 550 2014 laudes
575 1988 644 2013 non
661 1977 875 2014 imminuisse
892 1977 1081 2013 Salustium
1099 1978 1208 2014 Kritzi
1226 1978 1339 2014 verbis
1362 1989 1467 2024 supra
1483 1979 1705 2025 exposuimus

104 2035 147 2070 de
172 2034 347 2071 Ciceronis
373 2038 489 2071 autem
515 2035 671 2072 laudibus
697 2035 886 2071 imminutis
912 2048 931 2071 a
957 2035 1103 2073 Salustio
1129 2036 1300 2073 uberrime
1326 2036 1482 2083 exposuit
1507 2036 1655 2082 Gerlach
1664 2037 1704 2081 4).

104 2093 220 2138 Atque
245 2093 330 2129 haec
357 2093 427 2129 fere
453 2104 494 2128 ex
520 2093 587 2128 lata
612 2093 839 2139 disputatione
875 2093 1017 2140 colligit:
1056 2093 1244 2130 Salustium
1280 2094 1425 2140 ,quidem
1460 2095 1503 2130 de
1536 2094 1706 2136 industria

104 2150 277 2186 Ciceronis
303 2150 421 2186 laudes
447 2162 516 2186 non
542 2151 769 2194 imminuisse,
797 2153 867 2194 sed,
896 2152 976 2197 quia
1001 2152 1088 2187 vitae
1114 2152 1186 2188 eius
1219 2152 1369 2194 rationes
1393 2164 1412 2189 a
1437 2152 1610 2192 Ciceronis
1636 2155 1707 2193 stu·
1757 2180 1759 2183 ⁴
1807 2150 1819 2160 ⁵

104 2209 169 2245 diis
195 2208 294 2254 plane
320 2208 561 2252 abhorrebant,
598 2208 706 2244 multa
732 2220 800 2245 non
826 2210 909 2246 satis
935 2209 1140 2252 illustrasse,
1177 2221 1263 2255 quae
1289 2209 1463 2246 Ciceronis
1489 2211 1705 2257 potissimum

221 2362 243 2398 ¹)
264 2361 321 2390 Ed.
342 2361 459 2400 tripart.
482 2361 519 2391 II.
541 2363 568 2396 2,
588 2370 637 2400 pp.
663 2363 823 2393 199-208.

223 2411 246 2447 ²)
266 2410 376 2447 praef.⁸
395 2419 423 2447 p.
446 2410 561 2441 23—36
581 2412 614 2447 ἐξ
636 2411 760 2442 16-24.

217 2459 240 2495 ⁸)
262 2459 341 2488 Plut.
365 2458 462 2488 Crass.
484 2459 533 2489 13:
553 2456 647 2503 ὅμως
672 2459 705 2494 δ’
730 2460 749 2493 ὃ
777 2457 932 2506 Κικέρων
957 2457 993 2495 ἕν
1018 2474 1085 2495 τινι
1111 2461 1201 2507 λόγῳ
1227 2460 1374 2509 φανερός
1401 2455 1441 2508 ἦν
1467 2461 1623 2509 Κράσσῳ
1648 2459 1706 2496 καὶ

105 2513 258 2563 Καίσαρι
298 2516 361 2564 τήν
394 2513 508 2551 αἰτίαν
543 2516 848 2564 πρόστριβόμενος·
877 2517 952 2552 ἀλλ’
978 2511 1079 2560 οὗτος
1103 2517 1166 2564 μὲν
1192 2518 1210 2553 ὅ
1233 2518 1333 2565 λόγος
1357 2516 1506 2567 ἐξεδόθη
1531 2518 1619 2564 μετὰ
1640 2518 1705 2567 τήν

104 2574 237 2622 ἀμφοῖν
262 2574 434 2622 τελευτήν.

219 2632 243 2670 ⁴)
264 2631 312 2661 Ed
331 2632 400 2670 trip.
422 2632 460 2662 ΙΙ.
482 2633 508 2669 2,
531 2641 558 2670 p.
580 2633 743 2670 204—208.
