1835 2802
87 175 89 178 ’
109 176 211 234 (prol.
237 188 271 223 p.
302 177 370 222 11),
398 176 459 213 sed
484 174 695 223 argumentis
720 175 829 213 utitur
853 176 967 221 minus
991 177 1113 214 firmis.
1164 177 1258 214 Nam
1291 189 1370 215 cum
1401 167 1472 224 non
1501 179 1605 222 inter-
1624 178 1711 225 duos

111 234 173 270 sed
196 233 314 280 plures
339 234 565 282 distingueret
582 234 757 278 Horatius,
786 237 825 279 ut
849 235 942 271 varia
966 235 1192 272 moechorum
1217 236 1367 282 pericula
1383 237 1600 281 describeret,
1619 239 1654 274 et
1669 237 1714 274 ad
1774 279 1776 282 ¹

111 290 195 338 alios
208 291 238 338 1)
264 293 298 327 et
323 291 366 327 ad
392 291 580 328 Salustium
614 291 702 337 bene
735 292 847 340 potuit
877 293 1065 339 respicere,
1105 294 1166 330 sed
1199 303 1310 339 neque
1340 293 1451 338 hunc,
1490 305 1601 342 neque
1637 294 1713 338 illos
1768 284 1776 293 '¹
1828 314 1834 322 ‹

111 351 228 396 aperte
252 349 394 386 notavit.
446 349 543 394 Quod
568 352 684 394 autem
708 350 892 387 Horatium
921 361 964 393 ne
991 351 1160 398 cogitasse
1186 351 1324 398 quidem
1358 352 1400 388 de
1435 352 1582 390 Salustio
1615 352 1713 402 Kritz

108 417 149 442 ex
174 417 216 443 eo
241 409 359 458 patere
385 409 491 454 putat,
530 408 625 457 quod
659 408 752 443 idem
788 410 1029 455 argumentum
1063 409 1202 445 uberius
1234 420 1420 456 perseqens
1445 420 1547 446 versu
1572 410 1712 449 demum
1783 423 1835 463 j

107 466 155 502 64
180 477 231 513 sq.
259 466 301 502 de
326 465 474 512 Faustae
501 465 656 502 adultero
670 465 774 501 Villio
799 465 885 507 haec
910 465 1056 518 profert:
1084 466 1233 511 „Villius
1248 467 1283 505 in
1300 466 1428 510 Fausta
1443 466 1555 504 Sullae
1572 471 1712 514 gener“,
1818 464 1832 468 “’

107 524 297 572 Horatiano
325 524 460 560 dicendi
494 524 613 569 generi
650 535 720 559 non
754 524 838 559 satis
862 526 1055 565 accuratam
1081 525 1248 563 rationem
1273 524 1434 562 habuisse
1458 525 1545 569 1111111
1569 525 1712 562 videtur.

107 581 159 631 Ea
184 583 236 618 est
262 581 355 618 enim
385 581 509 628 Horati
535 580 740 617 Sermonum
766 581 1080 628 componendorum
1105 582 1203 624 ratio,
1242 584 1280 626 ut
1304 582 1412 629 altera
1437 593 1479 626 ex
1504 582 1611 619 altera
1625 593 1712 626 sen-

110 640 219 688 tentia
243 640 341 686 quasi
367 640 464 687 gigni
503 642 537 675 et
574 640 747 685 procreari
772 640 940 675 videatur.
993 640 1079 676 Cum
1118 639 1223 686 igitur
1260 640 1294 675 in
1334 640 1524 684 scribendis
1560 640 1715 678 versibus

107 698 251 746 41--46
277 697 366 733 inter
391 698 553 743 moechos
579 696 766 733 Salustium
791 708 928 744 quoque
954 699 1153 743 spectasset,
1180 697 1302 739 incidit
1327 698 1362 735 in
1385 698 1495 736 nostri
1521 697 1646 733 Salusti
1671 708 1713 733 ex

109 765 224 802 sorore
249 758 420 801 nepotem,
448 755 507 801 qui
534 757 616 800 tum,
645 757 682 790 ut
708 766 827 797 omnes
852 755 922 791 fere
948 755 1087 792 iuvenes
1118 755 1279 798 Romani,
1315 756 1351 796 in
1375 754 1542 795 libertinis
1566 755 1714 791 insanie·
1760 762 1763 764 ·

109 812 177 847 bat.
221 811 261 858 In
288 822 356 857 quo
382 812 456 847 loco
483 812 609 847 erravit
634 813 747 855 Acro,
783 823 861 847 cum
887 815 1039 847 nostrum
1068 812 1258 851 Salustium
1292 813 1489 858 significans
1522 812 1712 848 adnotavit:

111 870 258 916 „Fertur
284 869 453 906 Salustius
478 869 617 916 Crispus
643 872 737 906 tanto
763 870 882 906 ardore
909 869 1109 905 insanivisse
1134 869 1169 905 in
1195 868 1380 913 libertinas,
1408 871 1534 916 quanto
1549 868 1714 905 moechus

109 928 144 972 in
172 930 355 963 matronas.
409 927 508 977 Quod
533 939 613 963 cum
638 927 688 962 illi
714 928 749 972 in
776 930 898 971 senatu
924 939 943 962 a
969 928 1167 965 censoribus
1194 928 1365 969 obiectum
1389 930 1490 970 esset,
1525 927 1711 973 respondit,

109 995 146 1020 se
172 996 241 1020 non
266 986 502 1020 matronarum
528 985 588 1020 sed
612 984 847 1020 libertinarum
874 986 1078 1020 sectatorem
1105 995 1189 1027 esse,
1231 996 1334 1030 quare
1373 996 1414 1021 ex
1440 987 1559 1023 senatu
1585 985 1712 1026 eiectus

109 1044 171 1085 est,
199 1042 291 1089 quod
318 1042 390 1088 ipse
416 1044 556 1078 excusat
581 1042 617 1077 in
643 1042 806 1077 Catilinae
831 1041 980 1077 libello.“
1031 1041 1143 1077 Immo
1183 1042 1267 1081 haec
1306 1043 1392 1077 bene
1426 1043 1469 1077 ad
1494 1052 1612 1077 versus
1637 1053 1714 1087 pro-

108 1100 220 1134 ximos
246 1099 309 1146 (55
336 1100 408 1146 sq.)
435 1100 587 1135 adnotari
614 1100 767 1145 potuisse
794 1100 1068 1135 existimaverim.
1118 1099 1321 1134 Memoratis
1357 1099 1450 1135 enim
1483 1099 1550 1140 illis
1584 1099 1710 1135 Salusti

109 1157 244 1204 nepotis
270 1157 384 1192 verbis
412 1157 632 1200 „Matronam
659 1157 787 1199 nullam
814 1168 878 1203 ego
904 1158 1031 1203 1111130ιι
1067 1156 1207 1191 Horatio
1234 1156 1268 1190 in
1294 1159 1446 1192 mentem
1470 1157 1605 1192 venisse
1631 1159 1713 1203 puto

110 1214 167 1250 illa
193 1215 302 1262 nostri
329 1214 455 1257 Salusti
483 1215 595 1257 verba,
636 1226 722 1261 quae
749 1215 783 1249 in
810 1216 929 1250 senatu
956 1214 1081 1250 dixisse
1108 1214 1295 1253 ferebatur,
1336 1213 1419 1257 „Nil
1444 1214 1548 1250 fuerit
1572 1214 1622 1249 mi
1650 1215 1714 1259 (in-

110 1272 205 1325 quit),
227 1282 307 1307 cum
333 1272 495 1316 uxoribus
521 1283 687 1317 umquam
714 1272 867 1307 alieniS.“
920 1271 1012 1323 Quae
1039 1283 1118 1306 cum
1143 1282 1213 1306 non
1238 1272 1285 1306 ita
1320 1283 1398 1307 vera
1422 1272 1528 1308 fuisse
1554 1274 1713 1318 putaren-

110 1332 175 1373 tur,
202 1330 299 1375 facile
324 1341 436 1379 neque
462 1330 597 1376 nepotis
624 1329 751 1365 Salusti
777 1330 879 1366 verba
905 1329 947 1370 ad
972 1340 1124 1375 unguem
1150 1328 1346 1374 accipienda
1380 1339 1455 1364 esse
1492 1329 1572 1364 inde
1598 1329 1712 1376 colligi

108 1387 229 1432 potuit.
281 1387 398 1433 Atque
424 1389 462 1421 ut
487 1399 506 1421 a
533 1390 657 1432 nepote
684 1388 911 1433 distingueret
936 1389 1091 1421 nostrum
1130 1387 1240 1422 forma
1276 1387 1425 1423 nominis
1461 1397 1584 1432 graeca
1620 1387 1713 1423 Mar-

108 1454 226 1490 saeum
252 1443 349 1479 illum
376 1443 563 1490 Salustium
589 1444 675 1478 dixit
700 1455 719 1479 a
745 1444 862 1489 patria,
891 1444 1018 1478 cumin
1033 1443 1158 1484 finibus
1176 1442 1370 1477 Marsorum
1389 1443 1493 1478 situm
1511 1445 1601 1478 esset
1614 1444 1712 1479 Ami-

109 1503 257 1548 ternum,
298 1501 401 1536 simul
427 1501 626 1547 significans
651 1501 807 1545 Marsum
832 1500 927 1537 illum
955 1500 1150 1543 Octavium,
1189 1499 1392 1543 sceleratum
1418 1500 1585 1535 latronem
1612 1503 1712 1547 atque

108 1549 280 1606 egentem,
308 1569 411 1605 quem
436 1559 475 1593 P.
503 1558 680 1602 Dolabella
706 1559 860 1605 legatum
886 1559 1065 1605 praemisit
1090 1559 1125 1593 in
1152 1558 1287 1603 Syriam
1314 1558 1484 1604 (711s43),
1513 1558 1571 1603 qui
1604 1570 1713 1604 popu-

108 1616 235 1653 laretur
260 1628 370 1664 agros,
396 1619 535 1652 vexaret
560 1618 664 1652 urbes
689 1628 758 1652 non
795 1617 836 1651 ad
876 1627 974 1663 spem
1016 1616 1274 1652 constituendae
1311 1615 1362 1650 rei
1388 1615 1571 1659 familiaris,
1611 1626 1714 1662 quam

108 1678 224 1711 tenere
251 1686 330 1711 eum
354 1685 454 1721 posse
481 1678 653 1722 negarunt
678 1675 737 1721 qui
763 1677 927 1710 noverant
963 1674 1133 1720 (Ciceroni
1173 1674 1264 1709 enim
1303 1673 1359 1709 hic
1398 1676 1538 1709 senator
1575 1673 1712 1720 ignotus

109 1734 206 1779 erat),
234 1733 296 1768 sed
321 1733 364 1767 ad
390 1735 605 1778 praesentem
630 1734 765 1779 pastum
792 1732 1021 1768 mendicitatis
1047 1743 1127 1768 suae
1153 1731 1238 1779 (Gic.
1254 1731 1400 1777 Philipp.
1418 1733 1473 1774 11,
1488 1732 1521 1775 2,
1536 1732 1583 1776 4).
1611 1732 1713 1779 Origo

111 1793 226 1826 autem
251 1790 308 1825 illa
333 1790 498 1825 meretrix
523 1790 587 1825 fuit
612 1790 841 1833 nobilissima,
882 1801 968 1835 quae
1005 1792 1045 1825 111
1082 1788 1277 1835 Cytheris2)
1305 1789 1496 1825 Antonium
1526 1791 1561 1826 et
1590 1789 1715 1827 Gorne-

108 1848 193 1884 lium
229 1849 278 1883 ita
314 1848 470 1883 Marsum
507 1846 604 1883 illum
642 1847 821 1883 Octavium
859 1848 1099 1883 incantaverat.
1151 1846 1248 1891 Quod
1274 1849 1388 1882 autem
1413 1846 1611 1883 Marsaeum
1635 1859 1715 1894 „pa-

108 1906 212 1941 trium
238 1906 365 1940 mimae
390 1905 604 1951 fundumque
622 1905 797 1951 laremque
817 1906 982 1941 donasse“
1005 1906 1097 1948 dicit,
1125 1904 1287 1940 Horatius
1304 1904 1397 1939 idem
1414 1904 1609 1951 significare
1626 1905 1713 1943 mihi

108 1962 254 2005 videtur,
282 1962 375 2008 quod
400 1964 518 1997 auctor
541 1962 737 1998 Invectivae
762 1962 795 2005 5,
818 1963 881 1998 14:
908 1963 1049 1998 domum
1074 1964 1252 2007 paternam
1278 1962 1354 1997 vivo
1380 1963 1477 2007 patre
1503 1962 1712 2008 (turpissime

107 2020 209 2065 HH2)
234 2019 388 2056 venalem
414 2019 535 2055 habuit
561 2020 747 2063 (vendidit).
784 2018 877 2063 Quae
903 2019 1049 2065 denique
1076 2020 1118 2055 de
1144 2019 1233 2055 bona
1258 2018 1348 2060 fama
1373 2019 1498 2055 tuenda
1523 2019 1618 2055 addit
1642 2019 1713 2064 Ho-

107 2078 213 2114 ratius
239 2077 309 2124 (vv.
338 2077 498 2123 58—63)
536 2078 623 2114 bene
662 2077 857 2113 referuntur
893 2078 935 2112 ad
961 2088 1010 2120 ea,
1051 2077 1173 2123 quibus
1211 2076 1379 2119 Salustius
1417 2077 1459 2112 de
1497 2076 1587 2120 mala
1623 2077 1713 2112 fama

107 2136 328 2183 conqueritur
366 2135 450 2180 (Cat.
479 2137 510 2179 3,
539 2137 582 2180 5),
623 2135 748 2171 bonam
787 2135 913 2170 famam
941 2135 1098 2170 laudibus
1124 2134 1255 2177 extollit
1280 2133 1367 2181 (Cat.
1394 2134 1427 2179 2,
1454 2134 1503 2179 9).
1553 2134 1669 2182 Atque
1695 2146 1715 2170 a

106 2195 225 2228 nostro
251 2192 409 2236 Salustio,
438 2194 496 2238 qui
523 2204 602 2228 cum
628 2193 761 2228 Fausta
786 2203 947 2238 peccasse
981 2192 1173 2235 dicebatur,
1213 2191 1321 2228 facilis
1359 2194 1431 2227 erat
1468 2192 1634 2228 transitus
1671 2192 1714 2227 ad

107 2249 261 2293 Villium,
302 2250 361 2297 qui
398 2250 535 2286 nomine
580 2249 695 2285 Sullae
736 2250 900 2295 deceptus
937 2251 1077 2295 propter
1117 2250 1278 2295 frequens
1316 2249 1520 2285 adulterium
1559 2250 1714 2284 eiusdem

108 2309 255 2344 Faustae
288 2309 429 2351 coniux,
469 2308 583 2345 Sullae
616 2319 723 2355 gener
757 2308 823 2343 dici
857 2308 970 2354 potuit
1006 2311 1071 2351 (vv.
1106 2307 1154 2343 54
1187 2308 1263 2353 sq).
1323 2306 1375 2343 Ita
1412 2306 1553 2354 quidem
1592 2306 1712 2343 Horati

223 2491 246 2527 ¹)
266 2490 405 2520 Valerius
426 2490 507 2520 Max.
529 2492 556 2525 6.
579 2492 604 2528 1,
627 2491 681 2521 13:
701 2490 893 2529 Sempronius
913 2490 1019 2520 Musca
1040 2490 1087 2526 (cf.
1109 2490 1167 2521 Cic.
1190 2490 1227 2520 de
1248 2499 1289 2520 or.
1312 2491 1339 2523 2.
1367 2491 1413 2527 60,
1441 2490 1509 2528 247)
1529 2489 1558 2520 G.
1582 2489 1714 2533 Gallium

108 2537 345 2576 deprechensum
366 2538 395 2567 in
417 2538 566 2569 adulterio
586 2538 715 2576 flagellis
736 2538 857 2573 cecidit,
893 2538 921 2568 C.
945 2538 1102 2568 Memmius
1123 2538 1219 2575 (Paris
1232 2538 1248 2567 ‘?
1277 2538 1337 2568 Cic.
1368 2538 1407 2567 ad
1438 2539 1502 2567 Att.
1525 2539 1550 2575 1,
1574 2538 1617 2575 18,
1638 2538 1667 2575 3)
1687 2538 1713 2567 L
1766 2545 1773 2547 “

110 2586 266 2617 Octavium
286 2587 424 2617 similiter
444 2587 662 2625 deprehensum
682 2587 780 2617 nervis
801 2587 943 2618 contudit.

224 2654 248 2691 ²)
268 2653 392 2692 Lycoris
414 2654 527 2692 Vergili
548 2654 585 2684 cf.
608 2654 688 2684 Serv.
709 2654 749 2684 ad
769 2653 872 2692 Eclog.
896 2655 940 2689 10.
961 2656 978 2685 2
999 2663 1041 2692 εει.
