1835 2802
8 152 12 155 “
34 144 43 170 ’-
103 154 139 187 81
163 150 349 186 liberaliter
373 151 531 186 instituto
558 151 683 196 dignae
708 151 890 187 scientiam
917 162 955 187 ac
981 152 1219 187 tractationem
1251 153 1324 187 tum
1350 150 1502 187 maxime
1522 151 1563 187 ’111

103 208 288 256 significari
307 219 349 244 ex
368 219 408 245 80
434 208 507 243 1080
533 207 622 254 (Cat.
638 209 671 251 3,
690 208 727 255 1)
754 208 934 256 colligitur,
960 208 1020 245 ubi
1045 208 1171 244 multos
1196 208 1325 244 laudari
1350 207 1450 251 dicit,
1477 208 1536 255 qui
1557 207 1604 244 ’811

106 266 196 302 sacta
221 266 399 312 scripsere.
1249 301 1253 305 .
1719 299 1723 314 Ι.

218 324 334 369 Atque
359 325 398 358 ut
422 324 458 359 in
483 323 652 358 maiorum
678 323 885 371 imaginibus
910 335 951 359 ex
977 334 1055 359 cera
1081 324 1299 360 efformandis
1324 324 1372 359 ita
1395 324 1432 359 in
1456 323 1600 360 historia
1624 334 1705 360 con-

103 381 215 417 denda
240 392 325 428 opus
352 382 415 417 fuit
440 382 636 417 veritate
661 384 704 418 et
730 385 839 418 arte.
890 382 938 418 Ut
974 381 1066 418 enim
1104 384 1215 418 totum
1252 381 1335 428 quid
1369 380 1577 426 efficeretur,
1616 376 1711 419 nihil
1734 373 1744 412 s

101 450 220 474 eorum
247 450 334 485 quae
360 439 470 484 aliquo
496 442 671 474 momento
697 442 814 476 essent
838 440 1191 486 praetermittendum,
1219 440 1309 485 quod
1335 439 1498 485 cuiusque
1523 439 1572 475 rei
1597 439 1711 485 maxi-¹

104 508 200 532 mum
226 499 259 532 et
284 496 506 543 praecipuum
534 499 623 532 esset
647 497 814 533 lectorum
840 498 963 533 animis
988 500 1161 543 tamquam
1195 497 1366 533 luculenta
1402 497 1516 544 imago
1555 496 1704 533 obicien-
1725 504 1730 507 “

100 554 194 597 (111111,
227 556 341 590 10111111
367 554 514 600 denique
540 555 588 590 ita
614 555 857 600 proferendum
882 555 955 599 fuit,
983 558 1021 590 ut
1044 555 1134 591 facta
1159 555 1259 591 dictis
1284 557 1488 601 exaequaret
1512 554 1603 602 (081.
1615 554 1704 605 3,)2)
1735 596 1739 598 μ
1767 555 1798 603 {fif

104 615 138 647 et
163 623 279 647 veram
305 623 422 647 rerum
447 615 624 659 gestarum
650 612 836 659 imaginem
863 614 1015 649 oratione
1041 613 1229 660 effingeret.
1281 613 1378 658 Quod
1410 623 1489 648 cum
1514 613 1550 648 in
1575 612 1701 648 Roma—
1741 605 1789 664 ’ᾗ

102 680 225 709 norum
264 669 399 714 scriptis
425 670 595 705 historicis
622 670 749 705 factum
774 682 843 706 non
869 682 946 706 esse
971 671 1116 713 videret,
1157 671 1200 706 ad
1234 670 1382 706 Graecos
1416 669 1572 717 confugit
1596 669 1703 705 maxi-
1751 667 1781 702 ·,

101 737 224 772 meque
252 726 490 773 Thucydidem
516 729 569 762 est
592 727 747 763 imitatus
772 728 807 763 in
832 728 933 763 rebus
958 728 1073 774 gestis,
1100 737 1185 774 quas
1211 730 1405 773 exponeret,
1434 727 1609 774 eligendis,
1635 726 1704 762 dis-

100 785 277 830 ponendis,
306 784 513 830 eloquendis.
555 785 605 820 Ut
630 785 721 821 enim
747 785 965 831 Thucydides
991 796 1048 821 eas
1074 785 1291 832 potissimum
1316 796 1380 828 res,
1406 796 1490 831 quas
1516 785 1590 831 ipse
1607 784 1701 820 vide-
1773 825 1778 829 ¹

99 844 160 883 rat,
187 842 375 877 narrandas
402 842 465 877 sibi
491 843 648 888 sumpsit,
676 843 722 878 ita
748 842 914 878 Salustius
939 842 1066 878 relictis
1091 843 1149 885 iis,
1186 853 1273 888 quae
1307 842 1483 878 annalium
1518 842 1702 888 scriptores
1767 842 1790 894 (ἐξ

100 899 213 945 priora
239 900 366 935 referre
393 899 483 935 soliti
510 902 615 943 erant,
643 911 709 946 quo
736 900 901 935 veriorem
933 900 1114 946 effingeret
1146 910 1261 936 rerum
1294 902 1489 946 temporum
1522 898 1702 935 hominum

98 957 295 1003 imaginem,
324 958 472 1003 primum
499 957 661 993 Catilinae
687 957 963 1000 coniurationem,
991 969 1093 1003 quam
1127 958 1200 1003 ipse
1225 958 1354 993 viderat
1380 957 1597 998 adulescens,
1624 967 1703 992 nar-
1764 954 1792 964 '”

99 1015 241 1051 randam
267 1016 332 1051 sibi
358 1016 512 1061 sumpsit,
541 1016 664 1052 deinde
690 1015 827 1061 scripsit
852 1014 979 1051 bellum
1004 1015 1268 1062 Iugurthinum,
1295 1016 1386 1062 quod
1412 1015 1536 1062 quibus
1562 1016 1700 1062 gestum

99 1075 192 1107 esset
217 1073 299 1107 locis
325 1074 397 1118 ipse
424 1073 553 1108 viderat
578 1084 639 1117 pro
665 1072 813 1115 consule,
842 1073 987 1118 denique
1021 1072 1242 1108 historiarum
1275 1072 1370 1108 libris
1405 1073 1573 1118 quinque,
1615 1082 1701 1118 quae

101 1129 282 1166 duodecim
308 1130 405 1165 annis
430 1129 497 1166 illis
525 1130 695 1176 <78-67)
722 1132 818 1177 gesta
844 1130 921 1173 sint,
949 1130 1122 1176 exposuit,
1163 1140 1249 1176 quae
1288 1130 1443 1177 quamvis
1482 1141 1551 1166 non
1585 1129 1700 1165 omnia

98 1187 239 1222 vidisset
263 1188 347 1233 ipse,
375 1191 489 1223 tamen
515 1198 721 1234 cognoscere
746 1188 856 1233 potuit
882 1199 922 1223 ex
948 1188 1145 1223 hominibus
1171 1190 1205 1223 et
1231 1188 1367 1233 scriptis
1391 1188 1460 1223 fide
1485 1188 1610 1234 dignis.

213 1243 267 1279 Ita
292 1247 408 1280 autem
434 1245 602 1290 disposuit
627 1255 684 1280 eas
709 1256 764 1280 res
790 1245 943 1281 eiusdem
968 1244 1180 1291 Thucydidis
1206 1247 1316 1280 artem
1342 1247 1376 1280 et
1400 1245 1579 1280 veritatem
1604 1254 1700 1280 secu-

99 1304 166 1342 tus,
196 1304 235 1337 ut
259 1302 410 1348 primum
436 1303 531 1349 quasi
558 1302 744 1338 sublineret
774 1301 926 1338 tabulam
960 1302 1197 1348 philosophiae
1229 1302 1418 1349 praeceptis
1451 1302 1487 1338 in
1519 1302 1701 1348 prooemiis

100 1359 278 1405 expositis,
307 1360 430 1396 deinde
456 1361 514 1396 ubi
540 1371 680 1396 necesse
706 1363 797 1396 esset
822 1371 876 1396 res
902 1366 980 1396 ante
1006 1363 1097 1396 actas
1123 1361 1219 1407 quasi
1252 1360 1486 1396 adumbrando
1519 1361 1698 1406 repeteret,

99 1420 174 1453 tum
200 1418 310 1464 ipsam
336 1418 521 1464 imaginem
548 1418 594 1453 ita
620 1418 832 1464 depingeret,
860 1420 898 1453 ut
922 1429 978 1453 res
1005 1420 1039 1453 et
1064 1418 1220 1454 homines
1239 1418 1411 1465 principes
1429 1417 1699 1465 digressionibus

98 1477 133 1510 et
160 1475 370 1511 orationibus
387 1476 524 1511 insertis
542 1475 727 1511 illustraret
745 1478 847 1521 atque
866 1475 1107 1511 eminentiores
1124 1476 1294 1518 redderet,
1321 1476 1471 1512 minores
1488 1475 1700 1511 reductiores

97 1532 259 1567 redderet
285 1535 319 1567 et
345 1533 441 1578 quasi
467 1534 663 1568 obscuraret
688 1533 874 1567 maioribus
885 1533 922 1576 ¹).
973 1533 1130 1578 Denique
1165 1533 1201 1568 in
1235 1533 1424 1579 eloquendo
1459 1544 1498 1568 ea
1531 1543 1614 1568 usus
1647 1534 1702 1569 est

96 1591 181 1632 arte,
209 1592 246 1624 ut
270 1600 326 1625 res
352 1589 474 1625 iisdem
502 1589 681 1632 coloribus,
721 1600 807 1636 quae
848 1589 883 1624 in
921 1589 1005 1635 ipsis
1044 1589 1142 1635 quasi
1180 1590 1342 1633 inessent,
1378 1590 1573 1637 designaret
1597 1590 1698 1636 atque

96 1647 308 1694 depingeret,
337 1650 374 1682 ut
400 1650 555 1693 tempora
580 1648 744 1683 dissoluta
770 1650 804 1682 et
829 1657 950 1693 aspera
976 1646 1141 1683 dissoluto
1168 1648 1316 1693 quodam
1352 1650 1386 1683 et
1411 1659 1531 1694 aspero
1565 1646 1700 1684 dicendi

96 1715 223 1752 genere
249 1704 463 1752 significaret
489 1707 523 1740 et
549 1716 616 1751 quo
642 1705 767 1741 iudicio
793 1715 854 1740 suo
880 1705 1023 1741 adderet
1047 1704 1186 1741 Catonis
1212 1704 1303 1740 illius
1322 1705 1475 1741 Censorii
1500 1706 1701 1756 gravitatem

93 1765 131 1798 et
155 1763 373 1798 severitatem
400 1763 551 1808 priscum
577 1763 660 1798 illud
687 1763 826 1798 Catonis
852 1763 988 1798 dicendi
1013 1774 1123 1809 genus
1150 1766 1184 1798 et
1210 1763 1420 1809 antiquitatis
1458 1763 1607 1799 colorem
1647 1775 1699 1800 se-

94 1822 266 1867 queretur.

211 1879 465 1915 Veritatem
492 1881 607 1915 autem
633 1879 668 1914 in
694 1879 787 1915 omni
815 1879 1015 1916 tractatione
1041 1879 1125 1915 adeo
1151 1881 1288 1915 secutus
1313 1881 1375 1922 est,
1410 1881 1458 1922 ut,
1486 1879 1640 1925 quamvis
1665 1879 1700 1915 id

93 1935 268 1982 imprimis
294 1937 439 1972 arduum
465 1936 529 1972 sibi
556 1936 726 1973 videretur
750 1947 825 1972 esse
852 1936 938 1981 (Cat.
965 1938 998 1978 3,
1026 1936 1077 1982 2),
1112 1947 1181 1972 non
1214 1936 1327 1972 solum
1359 1937 1451 1972 dicta
1476 1937 1574 1972 factis
1599 1948 1697 1974 exae-

93 1993 260 2040 quaret2),
288 1995 348 2030 sed
374 1994 475 2030 etiam
505 2004 591 2040 quae
618 1994 743 2029 delicta
768 1996 881 2030 essent
906 1994 941 2029 in
968 1994 1102 2030 civitate
1120 1994 1173 2029 vel
1199 2005 1219 2029 a
1244 1993 1389 2040 singulis
1413 2005 1516 2040 prave
1543 1996 1619 2030 8818
1644 2005 1698 2030 18-

92 2051 324 2097 prehenderet
351 2054 385 2086 et
411 2052 453 2087 de
479 2063 604 2098 magna
630 2052 755 2087 virtute
784 2055 818 2087 et
843 2051 950 2098 gloria
983 2052 1149 2087 bonorum
1183 2052 1231 2087 ita
1260 2055 1485 2095 memoraret,
1524 2054 1562 2087 ut
1598 2052 1698 2088 unice

92 2120 148 2145 res
173 2120 241 2144 non
269 2109 427 2145 homines
453 2111 628 2155 spectasse
655 2109 837 2145 videretur.
889 2110 1004 2155 Atque
1038 2111 1133 2145 tanta
1165 2112 1217 2145 est
1250 2109 1285 2144 in
1319 2120 1359 2144 eo
1394 2109 1564 2155 aequitas,
1604 2111 1698 2147 181118

92 2166 292 2208 moderatio,
320 2169 390 2202 tam
416 2166 503 2202 liber
527 2167 569 2201 ab
594 2167 671 2202 odio
698 2169 733 2202 et
759 2167 871 2202 studio
898 2167 1042 2210 animus,
1069 2169 1108 2201 ut
1134 2166 1291 2212 quamvis
1318 2167 1528 2213 ingenuitate
1554 2167 1619 2202 sibi
1644 2167 1700 2202 in-

93 2224 157 2259 sita
181 2223 292 2269 plebis
318 2224 465 2259 libertati
492 2224 619 2266 faveat,
658 2227 773 2259 tamen
811 2224 951 2269 plebem
985 2224 1054 2259 sive
1089 2235 1130 2258 ex
1165 2224 1324 2259 secundis
1358 2224 1459 2259 rebus
1493 2224 1697 2260 insolentem

93 2280 186 2328 (Ing.
214 2280 271 2324 40,
298 2281 349 2328 5),
376 2282 446 2316 sive
472 2292 588 2317 rerum
622 2292 789 2317 novarum
824 2281 982 2328 cupidam
1008 2280 1094 2324 (Cat.
1122 2281 1179 2316 37.
1207 2281 1258 2328 3),
1297 2281 1473 2327 pravitatis
1505 2283 1625 2329 arguat
1658 2291 1698 2318 ac

210 2437 233 2472 ¹)
253 2436 390 2465 conferas
418 2436 504 2466 velim
533 2436 695 2474 Catilinae,
724 2436 873 2474 Caesaris,
905 2436 1025 2466 Catonis
1053 2436 1202 2466 orationes
1228 2445 1400 2473 morumque
1426 2436 1641 2475 descriptiones
1665 2436 1698 2466 in
1774 2457 1781 2478 3

92 2484 232 2519 Catilina,
253 2483 409 2522 Micipsae,
429 2484 603 2522 Iugurthae,
625 2484 817 2522 Adherbalis,
844 2484 974 2522 Memmi,
1002 2484 1089 2519 Mari,
1109 2483 1212 2514 Sullae
1233 2484 1391 2518 orationes,
1419 2483 1540 2514 Africae
1562 2484 1696 2523 descrip-
1746 2483 1748 2485 ’
1771 2487 1780 2498 ²

94 2532 205 2563 tionem
229 2533 281 2569 (cc.
305 2533 438 2569 17-19),
460 2532 591 2570 partium
612 2532 834 2569 factionumque
856 2532 1067 2572 expositionem
1088 2534 1142 2570 (cc.
1164 2533 1291 2570 41—42)
1311 2532 1342 2561 in
1362 2532 1516 2571 Iugurtha,
1547 2532 1697 2563 orationes

92 2583 122 2610 et
143 2580 288 2619 epistulas
308 2580 339 2609 in
360 2580 491 2610 historiis
508 2580 644 2611 insertas.
1718 2587 1722 2588 ⁷
1746 2573 1751 2579 ⁴
1770 2580 1773 2582 ’

209 2639 231 2678 ²)
253 2647 321 2669 nam
342 2638 381 2670 ad
401 2639 557 2670 veritatem
578 2647 694 2678 quoque
715 2641 851 2678 spectare
873 2646 909 2670 ea
930 2639 1027 2675 verba,
1048 2639 1123 2671 bene
1144 2638 1299 2671 annotavit
1319 2638 1444 2670 Dietsch
1464 2638 1504 2669 ad
1523 2638 1579 2670 loc.
1600 2646 1630 2680 p.
1650 2638 1697 2685 10.
1714 2627 1722 2637 ³
1756 2663 1761 2667 .
