1835 2802
93 190 201 229 immo
225 189 418 237 neglectam
443 200 518 226 esse
544 202 563 226 a
584 189 740 233 Sallustio,
767 190 860 228 haud
884 181 1001 236 paucis
1027 189 1201 236 exemplis,
1227 162 1315 236 quae
1331 171 1469 237 collegit
1480 190 1537 236 A.»

30 251 48 265 '¹
93 248 287 284 edocemur.
338 247 463 283 Statuit
487 247 591 283 homo
617 247 673 283 ille
716 248 836 284 doctus
861 247 1045 284 Salustium
1083 246 1158 283 ideo
1192 247 1244 283 vel
1269 247 1417 284 maxime
1442 248 1597 289 variasse

96 305 236 348 tionem,
264 315 341 352 cum
369 304 546 341 velocitate
571 304 629 341 illa
654 306 827 353 cogitandi
859 308 893 341 et
926 306 1095 348 narrandi,
1135 316 1238 351 quam
1279 305 1480 350 Qintilianus
1515 305 1613 351 (Inst.
1634 314 1681 342 012

98 362 324 407 10‚1,102)
353 362 580 399 immortalem
606 363 699 407 dicit,
726 364 898 409 praeditus
925 363 1026 399 fuerit
1035 363 1072 405 ²).
1124 363 1171 398 At
1203 362 1289 398 mihi
1323 363 1461 409 quidem
1495 374 1605 410 neque
1629 355 1686 400 co-

97 420 229 467 gitandi
256 422 316 454 aut
340 420 500 455 narrandi
525 420 741 456 velocitatem
776 422 835 456 sed
873 421 1046 456 brevitatis
1084 420 1234 456 studium
1271 419 1329 455 illo
1365 420 1440 456 loco
1478 421 1688 467 significasse

71 518 73 520 ,
95 477 231 513 videtur
256 476 494 521 Quintilianus,
522 488 633 523 neque
659 479 701 514 ab
728 490 767 514 ea
792 478 943 524 profecta
969 488 1044 513 esse
1070 478 1196 513 variata
1221 477 1337 513 oratio.
1387 477 1466 513 Alio
1497 478 1588 514 enim
1610 477 1688 514 ioco
1759 506 1782 523 2

93 534 194 580 (inst.
221 545 268 569 or.
298 535 352 584 10,
380 535 412 577 3,
440 535 479 580 8)
518 534 706 570 Salustium
742 537 836 570 tarde
874 538 908 570 et
945 535 1127 581 diligenter
1164 535 1340 580 scripsisse
1378 535 1481 570 tradit
1493 546 1507 577 ,·
1539 537 1573 570 et
1608 544 1689 575 sane

95 591 315 626 manifestum
342 601 416 626 esse
443 602 484 626 ex
511 602 611 637 opere
637 592 710 638 ipso
737 592 894 628 laborem.
951 592 1014 627 Ubi
1052 593 1161 635 enim,
1206 594 1243 627 ut
1280 592 1324 627 sit
1362 592 1414 628 vel
1452 592 1568 628 tardus
1604 592 1694 633 dum¹
1754 580 1796 642 {-

94 648 243 695 diligens
269 648 385 691 stilus,
411 649 587 694 praecepit
612 650 683 691 (10,
710 651 742 691 3,
776 650 799 684 5
825 654 902 695 sq.),
943 650 1027 685 haec
1054 650 1165 684 addit:
1204 650 1261 684 Sic
1299 650 1476 695 scripsisse
1502 648 1705 698 Salustium*
1753 641 1809 698 ,⁵

93 705 299 751 accepimus,
337 707 371 740 et
404 716 482 741 sane
517 706 715 741 manifestus
749 709 803 742 est
833 707 935 742 etiam
961 718 1002 742 ex
1035 719 1135 753 opere
1160 707 1234 752 ipso
1259 706 1366 742 labor.
1418 706 1559 742 Laboris
1584 705 1688 753 igitur
1751 720 1778 731 ¹

94 766 129 799 et
154 763 245 798 studi
271 774 339 799 non
365 763 536 810 cogitandi
562 766 619 799 aut
643 765 802 799 narrandi
829 765 1014 800 velocitatis
1048 767 1106 800 aut
1131 764 1312 800 celeritatis
1337 775 1411 800 esse
1446 764 1531 799 mihi
1556 763 1700 799 videtur.

94 821 245 856 variatio.
297 820 366 856 Sed
392 821 503 866 ipsum
531 822 709 858 variandae
735 823 896 858 orationis
922 822 1073 857 studium
1107 833 1173 857 non
1204 822 1312 868 magiS
1346 823 1387 857 ad
1424 825 1549 858 certam
1583 832 1688 868 quan-

94 878 171 914 dam
211 878 415 924 elegantiam
453 879 680 922 referendum,
721 892 823 926 quam
861 881 951 926 quod
990 880 1156 915 Salustius
1196 882 1230 915 et
1268 880 1303 915 in
1335 880 1417 925 ipsis
1449 880 1559 915 verbis
1591 881 1625 914 et
1652 879 1688 914 in

94 946 212 972 eorum
238 938 412 972 structura
437 938 655 983 proprietatis
682 941 733 973 cst
758 938 1025 973 studiosissimus
1052 941 1086 973 et
1118 940 1187 973 tam
1220 949 1336 983 presse
1371 940 1404 973 01
1438 937 1604 973 subtiliter
1641 937 1689 973 lo-

94 994 227 1040 quitur,
268 996 305 1029 ut
330 995 452 1029 merito
479 996 646 1031 incertum
672 996 813 1036 dixeris,
857 996 959 1031 verba
985 996 1161 1030 sententiis
1192 1007 1234 1030 an
1260 995 1446 1030 sententiae
1474 995 1584 1030 verbis
1609 994 1686 1029 illu·

95 1053 244 1087 strentur
268 1051 394 1094 (Gerl.¹
420 1051 473 1087 III
498 1064 530 1098 p.
558 1053 655 1098 328).
706 1053 752 1088 Et
786 1053 983 1098 saepissime
1017 1054 1155 1098 quidem
1189 1053 1223 1088 in
1257 1052 1424 1099 oppositis
1458 1052 1546 1087 hanc
1580 1052 1713 1102 varie·⁴
1758 1049 1761 1051 ’
1796 1045 1813 1053 ”

93 1111 198 1145 tatem
224 1110 523 1152 animadverteris;
563 1110 641 1145 licet
674 1111 765 1145 enim
800 1111 834 1145 in
868 1112 1094 1156 exaequandis
1128 1110 1291 1156 oppositis
1326 1109 1608 1156 diligentissimus
1634 1110 1687 1151 sit,

98 1166 286 1202 orationem
312 1168 436 1209 tamen,
464 1178 531 1213 quo
557 1168 788 1213 expressiores
814 1168 934 1203 fierent
960 1169 1084 1203 diversi
1118 1179 1239 1203 sensus
1273 1167 1465 1203 diversitate
1489 1169 1688 1209 structurae,

95 1224 242 1260 maxime
269 1225 410 1261 variavit
423 1225 460 1268 ³).
512 1225 679 1272 Exempla
704 1225 812 1261 multa
837 1226 976 1273 collegit
1002 1226 1148 1262 Gerlach
1173 1225 1249 1272 (III,
1278 1226 1347 1261 329
1373 1225 1459 1271 sq.];
1494 1236 1557 1271 ego
1582 1235 1689 1263 unum

94 1281 178 1318 illud
204 1283 384 1328 proferam,
413 1284 504 1328 quod
530 1285 582 1318 est
606 1284 641 1318 in
665 1283 739 1330 lug.
767 1284 831 1326 22,
869 1285 910 1320 3:
950 1296 988 1327 „o
1003 1284 1024 1319 b
1051 1284 1186 1319 easdem
1211 1284 1309 1326 artis,
1347 1294 1414 1318 non
1441 1282 1582 1329 penuria
1605 1282 1689 1318 libe-

92 1351 210 1376 rorum
235 1340 287 1384 (se
314 1351 333 1376 a
358 1340 520 1387 Micipsa)
546 1341 581 1376 in
607 1352 752 1387 regnum
777 1342 974 1387 adoptatum
1000 1345 1104 1384 esse,“
1134 1341 1169 1376 in
1195 1352 1272 1387 quo,
1306 1343 1345 1376 ut
1369 1341 1404 1376 in
1430 1340 1512 1383 aliis,
1547 1351 1687 1375 casuum

93 1397 257 1444 enallage,
285 1409 389 1444 quam
414 1399 542 1441 dicunt,
579 1409 649 1433 11011
675 1409 714 1434 eo
740 1401 880 1444 spectat,
908 1402 945 1433 ut
971 1409 1110 1434 casuum
1136 1399 1202 1441 (ob
1228 1409 1305 1433 cum
1331 1398 1522 1433 accusativo
1548 1400 1581 1432 et
1598 1396 1690 1433 obla-

78 1455 153 1490 ,tivi
181 1455 319 1502 causae)
346 1455 574 1491 differentiam
600 1455 709 1498 tollat,
749 1457 809 1491 sed
843 1459 880 1491 ut
915 1457 1100 1492 orationem
1126 1457 1168 1491 ad
1201 1467 1363 1491 sensuum
1388 1455 1616 1491 diversitatem
1643 1454 1690 1489 ef-

92 1512 202 1559 fingat
228 1514 330 1558 atque
355 1514 600 1548 accommodet.

208 1569 283 1605 Nec
317 1569 449 1605 minore
493 1570 670 1617 diligentia
703 1571 942 1606 verborum
980 1573 1180 1617 tempora
1220 1570 1461 1616 modosque
1499 1568 1690 1604 variavit

95 1626 274 1663 Salustius.
326 1626 380 1663 Ita
405 1628 496 1664 enim
522 1628 664 1665 alterum
691 1640 754 1674 pro
780 1627 884 1664 altero
903 1629 1027 1674 posuit,
1053 1629 1100 1664 ita
1121 1628 1265 1664 alterum
1283 1639 1361 1662 cum
1378 1627 1485 1662 altero
1503 1625 1687 1667 coniunxit,

92 1687 131 1720 ut
154 1696 216 1720 sua
240 1685 403 1732 cuiusque
429 1686 462 1721 vi
488 1687 579 1731 quod
603 1686 705 1722 vellet
729 1686 946 1732 significaret.
998 1687 1113 1732 Atque
1138 1697 1217 1721 011111
1241 1686 1288 1721 ita
1312 1696 1367 1721 res
1392 1686 1505 1731 gestas
1532 1686 1687 1729 exponat,

93 1745 131 1778 ut
155 1743 228 1789 geri
254 1743 434 1789 negotium
460 1746 494 1778 et
518 1754 572 1779 res
598 1751 676 1779 ante
702 1744 817 1779 oculos
843 1755 917 1779 esse
944 1745 1105 1787 videatur,
1133 1755 1210 1779 cum
1236 1754 1305 1779 non
1331 1744 1466 1778 enarret
1491 1742 1552 1777 sed
1578 1742 1688 1782 osten-

94 1800 154 1836 dat
181 1803 214 1835 et
241 1801 453 1836 demonstret
477 1812 716 1847 summamque
742 1801 878 1837 affectet
903 1802 1109 1837 evidentiam
1135 1804 1169 1836 et
1194 1800 1490 1847 perspicuitatem,
1528 1809 1689 1845 praesens

92 1857 304 1901 historicum,
332 1858 425 1904 quod
450 1858 583 1901 dicitur,
610 1859 807 1905 saepissime
833 1859 989 1902 adhibet,
1029 1859 1127 1904 eique
1161 1858 1225 1894 alia
1249 1860 1403 1904 tempora
1435 1858 1481 1893 ita
1507 1857 1687 1898 connectit,

91 1917 130 1950 ut
156 1916 231 1962 ipsa
256 1916 355 1962 quasi
380 1915 416 1951 in
442 1916 561 1952 umbra
585 1916 696 1952 locata
720 1916 928 1962 reliquorum
955 1916 1176 1952 eminentiam
1201 1918 1348 1963 augeant
1372 1915 1689 1962 expressioremque

94 1973 249 2011 reddant.
301 1973 417 2008 Etiam
444 1973 669 2016 infinitivum,
709 1984 812 2020 quem
837 1974 973 2017 dicunt,
1013 1974 1216 2010 historicum
1242 1974 1284 2009 ad
1309 1973 1496 2009 orationem
1520 1974 1607 2009 bene
1632 1984 1688 2008 va-

91 2031 247 2067 riandam
273 2031 472 2077 saepissime
498 2031 655 2068 adhibuit
680 2031 858 2068 Salustius.
909 2032 1001 2068 Nam
1038 2032 1067 2067 is
1103 2032 1225 2067 modus
1262 2042 1340 2067 cum
1377 2031 1425 2066 ibi
1454 2031 1534 2077 poni
1570 2030 1687 2074 soleat,

93 2089 150 2124 ubi
176 2089 301 2124 omissa
326 2090 501 2135 temporis,
529 2089 672 2131 numeri,
699 2100 864 2135 personae
888 2090 1060 2125 notatione
1086 2089 1214 2135 aliquid
1239 2088 1313 2124 fieri
1331 2088 1384 2124 vel
1409 2088 1444 2123 in
1469 2090 1558 2124 statu
1577 2087 1689 2134 aliquo

94 2156 171 2183 esse
197 2146 333 2190 dicitur,
365 2147 551 2183 admodum
577 2147 783 2183 conveniens
810 2149 863 2183 est
887 2147 923 2183 in
948 2147 1095 2193 plurium
1122 2147 1292 2183 actionum
1311 2147 1576 2189 enumeratione,
1602 2156 1689 2192 quae

94 2205 266 2250 quomodo
292 2205 383 2240 inter
407 2216 443 2240 se
469 2216 640 2240 connexae
666 2205 735 2240 sint
760 2206 949 2240 accuratius
976 2205 1143 2251 explicare
1168 2205 1337 2240 nolumus.
1375 2203 1416 2240 Id
1441 2204 1533 2250 quod
1558 2205 1610 2239 est
1634 2202 1688 2238 vel

92 2262 286 2305 hominum,
315 2262 373 2309 qui
400 2262 655 2298 vehementiore
690 2263 794 2298 animi
824 2263 954 2309 impetu
980 2263 1113 2309 abrepti
1138 2262 1246 2298 multa
1283 2261 1383 2297 simul
1421 2261 1597 2305 effutiunt,
1636 2259 1689 2297 vel

94 2332 223 2364 eorum,
251 2321 310 2367 qui
336 2321 428 2357 varia
453 2321 629 2357 cuiusdam
655 2321 804 2357 hominis
831 2321 945 2357 studia
970 2323 1137 2364 enarrant,
1165 2321 1334 2367 quomodo
1369 2332 1422 2356 res
1456 2320 1568 2366 aliqua
1592 2322 1689 2365 gesta

91 2380 136 2414 sit
161 2390 222 2424 per
246 2381 361 2424 partes
387 2381 571 2424 exponunt,
598 2379 775 2423 variasque
801 2390 915 2413 rerum
941 2378 1123 2423 qualitates
1149 2380 1359 2413 enumerant.
1395 2378 1463 2413 Ubi
1488 2377 1594 2423 igitur
1618 2387 1688 2411 11011

90 2436 126 2472 id
151 2436 231 2483 agit,
258 2437 295 2471 ut
321 2436 492 2483 quomodo
519 2435 665 2472 alterum
690 2434 786 2472 alteri
813 2446 1004 2472 connexum
1030 2435 1074 2472 sit
1099 2436 1236 2479 doceat,
1277 2435 1337 2471 sed
1374 2436 1410 2470 ut
1448 2446 1490 2471 ex
1528 2434 1688 2471 varietate

206 2588 231 2623 ι)
252 2587 298 2617 De
319 2587 438 2618 dicendi
458 2596 566 2626 genere
586 2587 646 2618 Sal.
667 2592 821 2618 comment.
842 2588 965 2618 Roessel
987 2589 1061 2619 1864
1081 2597 1108 2627 p.
1135 2589 1179 2620 18.

206 2636 230 2673 ²)
250 2636 344 2666 Boese
364 2636 401 2666 de
420 2636 480 2666 fide
502 2639 532 2666 et
551 2637 731 2667 auctoritate
751 2637 814 2668 cod.
836 2637 933 2668 vatic.
954 2637 1113 2675 Gottingae
1134 2637 1209 2668 1874
1228 2646 1256 2674 p.
1279 2638 1323 2667 14.

208 2684 232 2722 ⁸)
252 2684 377 2715 Dietsch
397 2684 437 2715 ad
457 2684 519 2723 Iug.
543 2686 587 2722 10,
607 2685 634 2722 3,
655 2693 683 2722 p.
706 2685 744 2715 84
765 2685 840 2715 conf.
861 2685 922 2713 ind.
943 2693 965 2715 s,
986 2694 1012 2714 v.
1033 2684 1125 2715 oratis
1144 2684 1260 2715 variata
1279 2693 1307 2722 p.
1329 2684 1393 2716 622.
